4364 6194
177 301 242 358 nse
543 296 593 354 nn
609 293 737 352 tsttntts
755 291 805 346 sn
823 288 995 347 nrrrctnsr
1014 284 1120 346 mnes
1139 285 1324 344 senneser
1342 299 1404 344 ιιι.
1709 251 1765 350 tet
1867 272 1871 282 ’

143 406 187 466 j.
206 401 371 458 atvertus
392 403 423 452 nt
443 403 556 462 treesn,
574 391 768 449 difficillimum
787 389 844 444 lore
862 387 955 460 pleris-
1038 387 1060 453 ς.
1079 386 1123 438 28.
1142 388 1240 442 Verum
1260 385 1409 453 objecturos
1426 399 1480 438 non
1499 383 1597 456 pancos
1612 399 1740 460 superor,
1758 413 1821 466 9⁰⁸·

126 485 231 554 quode
256 481 473 554 impoenitentia
500 481 643 552 peccatoris
667 478 810 548 judicium,
833 475 957 546 idemque
1006 469 1135 524 nitentior
1155 469 1349 524 ecclesiasticen
1368 467 1448 524 finem
1467 469 1625 540 primarium
1641 491 1718 542 esse,
1736 487 1765 532 nt
1787 481 1821 534 sd

128 586 179 638 pro
198 566 342 623 affectuum
368 565 464 628 studio,
480 564 550 616 inter
567 573 696 617 nostrates
714 577 767 614 non
785 558 957 630 infrequenti,
1007 568 1091 606 seram
1111 555 1199 606 cordis
1219 553 1541 623 poenitentismpeecntor
1558 557 1607 608 lsoc
1624 557 1711 612 medio
1729 562 1825 632 perdo·

89 667 92 672 ’
133 669 210 724 ssepe
234 651 358 706 adserens
376 649 610 702 innocentissimos
629 657 778 716 usurpatum
798 643 849 698 iris
872 645 958 696 ideal·
1005 648 1086 701 wilt.
1105 639 1245 708 lsesseque
1261 640 1389 692 eeclesiae
1407 640 1487 691 simul
1506 639 1632 707 satisfistr
1660 655 1738 715 stqce
1759 649 1825 703 adeo
1870 665 1873 674 ·

133 745 189 800 tem
207 734 349 808 praecipue
367 733 489 795 monebo,
507 749 554 803 per
572 728 957 784 externsmaeoetaerotooiio
1006 718 1069 772 inde
1088 720 1173 790 aequi,
1190 721 1259 790 qood
1279 722 1440 792 poenitentis
1460 723 1639 779 ecclesiastica
1669 743 1723 780 nnn
1751 729 1825 784 inter

134 820 332 883 exclusionem,
362 816 599 888 impoenitentiam
630 815 779 883 penestoris
809 812 957 866 nullatenus
1006 822 1103 874 poclm
1120 807 1258 870 seculares,
1277 807 1322 860 sed
1343 805 1430 877 potins
1448 807 1620 876 spirituales,
1644 827 1710 879 quse
1735 812 1767 867 sd
1785 830 1827 867 ee·

134 904 251 972 corrigie
270 901 315 956 sed
335 901 361 954 id
381 901 475 954 saltem
497 900 531 952 sd
546 913 678 951 eumarum
690 890 774 959 ribei,
788 905 813 946 at
830 905 961 964 peccator,
1006 889 1111 940 clerium
1131 890 1238 958 proprie
1257 889 1424 960 pertineret,
1443 890 1480 944 ⁸it
1499 889 1650 946 releraorlr.
1668 893 1722 964 Ego
1739 907 1827 954 autem

135 987 224 1041 taedio
244 985 417 1058 ignominiae,
435 1001 514 1053 qnam
534 980 753 1034 exeommunicati
765 978 833 1048 apud
847 993 894 1030 nos
906 995 957 1030 non
1008 973 1082 1026 rabie
1100 973 1201 1038 dubito,
1221 985 1310 1026 utrum
1330 979 1389 1028 reis
1410 973 1559 1028 emendatio
1577 993 1625 1046 per
1642 988 1779 1033 extetnsm
1804 1001 1828 1036 e·
1868 1009 1870 1014 ·

54 1053 59 1062 '
135 1075 219 1127 imm
239 1073 382 1137 mnium,
408 1069 515 1122 ,dmm
540 1067 731 1136 milenum
758 1065 958 1134 hymmum
1009 1053 1122 1123 jusmodi
1140 1064 1168 1106 et
1185 1069 1296 1110 eosntstu
1315 1057 1509 1128 poenitentiam
1528 1061 1827 1132 poseitobtineripenm

136 1173 213 1210 more
231 1155 349 1218 simulet,
369 1162 447 1222 etque
464 1153 504 1206 sie
523 1151 622 1219 iternrn
641 1149 673 1204 sd
685 1159 826 1202 externum
838 1151 962 1203 ecelesiae
1010 1136 1127 1191 ⁰⁸¹⁰d⁰ffl
1147 1139 1201 1192 ¹⁰¹⁸
1218 1140 1302 1208 silli·
1321 1140 1419 1204 ‘filiius
1437 1159 1503 1210 (lm
1522 1143 1555 1194 ⁸1¹
1567 1145 1696 1208 ‘instandi
1710 1151 1829 1202 neuton

135 1239 296 1293 consortium
328 1253 387 1288 cnm
413 1253 510 1308 pompa
535 1234 704 1288 admittatur.
731 1232 837 1285 Deinde
860 1250 962 1302 quoqu·
1013 1236 1043 1271 se
1062 1235 1115 1272 non
1132 1221 1289 1285 adstrinxit,
1307 1223 1443 1292 producst.
1468 1223 1503 1278 Et
1527 1225 1597 1296 quod
1622 1229 1844 1287 satisfactionem.

135 1321 287 1377 sddendnm
307 1319 420 1384 bicest,
438 1329 541 1387 peccota
566 1318 686 1386 gession
711 1325 739 1368 et
769 1315 877 1386 publio.
908 1334 960 1370 no„
1016 1305 1123 1371 attinet,
1140 1323 1168 1358 es
1188 1307 1247 1360 eine
1265 1307 1346 1360 dnbio
1372 1325 1425 1360 non
1450 1309 1515 1364 satie
1541 1309 1607 1363 bene
1636 1310 1746 1368 touton
1776 1329 1830 1371 estt

137 1409 260 1476 indigere
279 1405 347 1474 opud
368 1420 416 1456 nos
433 1401 717 1456 exrommunicstione:
746 1417 798 1468 quo
818 1399 870 1452 ism
888 1401 960 1454 enim
1016 1388 1109 1458 quodsi
1127 1391 1231 1444 enims
1257 1393 1369 1461 singulis
1394 1394 1520 1447 ecclesise
1547 1395 1676 1449 membris
1704 1401 1832 1468 injurient

133 1490 258 1548 „imm
277 1489 345 1556 1230,
364 1486 575 1548 comminamur,
592 1485 616 1535 ,ᾗ
636 1500 747 1552 quoque,
764 1483 811 1553 qni
834 1485 903 1551 1230.
926 1499 964 1538 tn·
1018 1474 1117 1526 illatsm
1138 1475 1266 1530 rindirari
1284 1476 1407 1530 (hristus
1425 1477 1566 1547 prohibuit
1583 1478 1596 1548 (
1607 1483 1628 1534 si
1641 1485 1732 1538 saltem
1745 1501 1833 1556 posto.

137 1575 181 1636 lit,
201 1572 309 1625 incultas
328 1570 501 1640 relinquendo
520 1570 581 1636 erit,
595 1569 623 1622 in
638 1570 700 1621 talia
712 1569 963 1625 animadvertendi.
1017 1555 1095 1609 ΜΝ)
1115 1559 1307 1614 ¹0⁵¹i¹⁰¹5⁰⁰⁰⁰¹
1325 1559 1405 1615 ¹b¹¹¹i
1423 1561 1575 1631 εῑθῗΡῙΙί)
1593 1567 1652 1634 ‘illi’
1663 1583 1716 1621 ⁰⁰¹¹
1730 1575 1834 1640 tretici,

133 1658 240 1728 Quopp
260 1673 321 1710 ,em
340 1657 363 1708 ἰ,
380 1652 468 1708 officii
487 1653 605 1707 „1100”
631 1655 765 1723 „fflpgn'
784 1655 881 1724 l>²⁰⁰⁸¹i
904 1659 962 1726 qui,
1018 1638 1163 1692 uoicerssm
1182 1642 1318 1694 eeclesiam
1337 1643 1437 1711 pariter
1454 1643 1610 1697 obstrictam
1630 1663 1688 1701 esse
1713 1651 1745 1703 ad
1771 1667 1835 1707 oon.

137 1749 209 1807 dero,
227 1761 240 1794 s
261 1743 317 1793 Dec
335 1737 500 1804 stutteaodt,
519 1754 593 1792 reum
614 1738 734 1791 eumdem
753 1755 862 1806 censen,
881 1744 961 1796 eecle—
1014 1721 1161 1776 “minim
1180 1725 1311 1792 P‘ffli‘l'i
1330 1725 1472 1793 i¹²i¹¹ii⁸¹¹¹r
1489 1726 1554 1778 ⁰3¹⁸·
1579 1728 1737 1797 P‘fflli'l'ffl
1757 1737 1835 1791 ulit·

137 1829 194 1882 siae
212 1836 300 1879 sutem
321 1825 472 1876 iarultstem
504 1838 532 1874 ea
563 1821 711 1892 puniendi,
742 1839 809 1890 quse
836 1823 961 1895 princeps

138 1930 192 1965 non
212 1910 300 1981 punit,
320 1908 394 1960 nollo
413 1903 492 1958 modo
512 1905 654 1958 concedere
672 1922 828 1974 possumus,
847 1907 900 1962 nisi
926 1909 961 1960 ei.

139 1997 195 2049 mul
211 1993 300 2048 eidem
323 1989 469 2062 imperium
488 1989 518 2044 in
543 1990 719 2059 imperantem
744 2001 893 2062 competere
916 1990 962 2046 de·

136 2079 288 2133 fesulanus.
606 2065 607 2070 ¹

173 2167 188 2232 §
217 2162 356 2234 2⁰·.Yi¹¹⁵¹
373 2159 438 2240 baec
456 2157 624 2214 incommode
642 2157 740 2209 citatos
759 2171 837 2226 snpra
855 2154 963 2210 Melite-

138 2251 202 2314 sius,
221 2265 251 2302 ao
270 2255 410 2319 propterea
429 2248 509 2298 etiarn
530 2241 752 2296 introductionem
778 2241 961 2294 excommuni-

135 2333 248 2387 cationis
268 2331 372 2400 prolixe
390 2329 525 2392 dissuusit,
548 2327 590 2378 bis
608 2325 678 2378 intes
696 2323 747 2376 slis
772 2324 859 2377 serbis
885 2340 962 2376 nense

141 2421 193 2475 Mil
213 2417 263 2471 der
279 2424 371 2470 ersten
399 2411 517 2465 Kirciten
544 2413 593 2464 luet
616 2424 644 2462 er
672 2410 731 2461 eine
759 2406 862 2463 andere
888 2409 961 2477 Mer·

138 2522 216 2574 nung
234 2501 292 2556 ond
308 2497 462 2560 Beeclreid,
487 2496 524 2548 dc
544 2509 602 2550 war
618 2493 787 2562 Heydnisolre
808 2492 961 2562 Obriglreit,

140 2589 184 2643 die
202 2585 289 2654 bulffe
307 2586 359 2638 rien
380 2581 500 2634 Kirelren
520 2578 598 2632 keine
618 2577 752 2646 Disciplin
769 2576 911 2631 erlzcitenr
926 2580 962 2650 je

140 2673 178 2724 de
197 2671 303 2726 worden
323 2665 393 2720 niele
422 2662 582 2734 liffentliede
608 2659 716 2714 Sinden
744 2661 896 2732 depangere,
919 2663 962 2716 die

141 2771 209 2808 rnen
226 2754 299 2806 nteit
317 2747 471 2816 bestrcffle,
488 2747 529 2798 cle
546 2750 682 2814 Hurerey,
702 2745 889 2814 Abgotterey,
912 2754 963 2798 ete.

138 2839 317 2894 Deroleclderr
337 2835 398 2890 weil
415 2832 460 2886 die
487 2828 644 2886 christliche
667 2828 766 2880 Kircbe
792 2829 840 2880 der
866 2828 962 2884 netelt-

139 2923 207 2976 clten
224 2919 381 2980 Schwerdts,
401 2915 459 2970 und
475 2912 640 2969 Politiscber
659 2912 754 2964 dioclet
772 2909 833 2966 und
858 2912 963 2968 Gemoll

143 3009 292 3078 noctipelte,
310 3002 369 3059 und
385 3002 481 3054 keinen
503 2997 673 3053 anrkltotrer
701 2997 796 3056 batte,
827 2997 905 3050 woite
935 3013 964 3049 er

140 3091 306 3146 conndtlten
324 3105 400 3155 seyn,
419 3083 472 3137 den
490 3084 574 3137 Bonrs
593 3102 626 3136 ert
642 3081 818 3151 gebroucden,
838 3080 964 3151 oresdcre

141 3179 199 3230 niso
220 3176 267 3227 dne
286 3173 358 3224 bose
379 3166 535 3240 pestrqffet,
555 3167 612 3222 und
630 3166 690 3218 eine
707 3165 955 3221 ebrbereKirclrers

144 3259 233 3312 Zucltt
252 3257 308 3310 und
328 3252 462 3320 Disciplin
481 3249 605 3306 erbaiten
625 3249 714 3308 wlirde
758 3249 873 3306 Dr'erneil
898 3249 965 3302 eber

141 3362 238 3403 „essere
260 3339 399 3412 Obrigleit
417 3355 473 3392 nnn
494 3339 544 3388 mit
561 3338 590 3390 in
608 3336 656 3388 der
675 3334 802 3397 Kirclten,
816 3333 874 3386 und
895 3335 963 3386 naeu

143 3428 291 3486 Cirr-ietlielr
309 3426 360 3488 iat,
379 3424 490 3474 konnen
509 3422 551 3472 sie
570 3434 621 3472 uns
652 3418 697 3473 des
718 3417 829 3470 Bennes
853 3417 954 3472 riberie

144 3512 335 3578 ben,tuennrie
352 3507 406 3560 eirb
425 3509 498 3559 ilrres
518 3508 613 3558 Amtes
621 3503 732 3574 fleissig
748 3501 967 3554 ouoetmemda-

143 3618 175 3652 cu
195 3597 237 3650 ieie
257 3597 332 3650 donn
352 3593 404 3644 alte
415 3591 545 3660 sromme
564 3589 622 3642 und
639 3586 756 3640 ebriare
777 3583 965 3654 Obriglrriter·

146 3684 258 3746 rnobne,
277 3678 340 3730 dces
369 3675 408 3726 rie
434 3671 590 3742 offentliclte
620 3671 679 3724 unrl
707 3668 820 3720 terente
849 3669 967 3724 Sebend-

144 3767 260 3827 Buben,
280 3759 377 3822 Dicis,
408 3757 601 3820 Ebedreeber,
628 3755 722 3808 Gottes
735 3755 863 3806 Lectores·
893 3755 967 3806 niciae

145 3843 329 3919 urrge5t1·qffet
347 3847 415 3896 lneee
433 3842 577 3912 ltingeitert.
597 3841 684 3893 Donn
699 3839 761 3891 Gon
772 3837 883 3905 strnffet
893 3849 969 3890 ronst

772 3918 827 3978 Vid
861 3920 960 3978 Cnosii

145 3938 226 3988 einen
246 3933 329 3986 bisen
347 3927 445 3983 Bubere
464 3929 513 3978 mit
529 3926 591 3980 dem
617 3923 742 3978 anderu.

146 4022 191 4075 cit.
209 4039 233 4086 p.
253 4017 317 4069 693.

184 4105 207 4168 §.
226 4101 269 4152 ct.
288 4097 361 4168 Quid
382 4112 461 4165 perro
480 4091 512 4144 de
532 4089 695 4162 poenitentia
715 4086 891 4142 ecclesiastice
916 4104 971 4142 sen·

150 4187 270 4240 tiendum
292 4190 339 4247 stt,
359 4179 455 4250 purtim
484 4191 517 4228 ex
540 4171 725 4244 superioribus
751 4170 827 4224 laeila
855 4181 970 4224 constare

149 4269 258 4342 poterit,
277 4265 375 4335 partim
395 4263 474 4315 etiarn
494 4261 616 4312 bresibus
635 4258 720 4310 nullane
740 4255 911 4324 peculiariter
928 4273 970 4308 os·

151 4355 267 4410 tendam.
287 4349 354 4402 Cum
375 4361 458 4399 autem
478 4345 510 4396 de
537 4342 619 4396 abusu
646 4340 763 4409 ejusdem
789 4339 872 4408 quoad
890 4341 970 4394 eccle·

150 4441 217 4495 sium
239 4429 401 4503 pontificium
422 4445 464 4482 res
482 4426 663 4493 cuilibet-jam
684 4425 750 4476 satis
767 4420 906 4476 manifeste
920 4426 970 4486 sit,

150 4525 235 4575 erlem
256 4514 414 4571 recensendo
434 4512 547 4563 hicnon
570 4505 750 4568 immorabnrr
770 4504 813 4557 sed
841 4504 906 4558 illud
925 4509 962 4558 sal

152 4619 203 4659 tetn
226 4597 346 4660 monebo,
365 4595 468 4664 qnando
488 4591 646 4662 poenitentis
667 4587 842 4643 ecclesiastice
862 4600 974 4658 peccato·

153 4689 228 4742 ribus
246 4681 402 4738 enormibus
420 4677 584 4745 injungitur,
602 4692 661 4726 eum
682 4675 710 4725 in
738 4669 841 4735 finem,
868 4685 894 4724 nt
922 4672 973 4742 ipsi

151 4774 254 4844 pariter
272 4785 302 4819 sc
320 4765 366 4818 alii
385 4784 399 4817 a
418 4761 525 4815 delictis
544 4756 673 4826 ejusmodi
695 4757 867 4826 imposterum
893 4755 973 4809 abati·

152 4874 217 4910 nere
234 4856 383 4913 doceantur,
404 4858 465 4899 tune
484 4843 607 4898 eamdem
629 4841 729 4894 ratione
754 4837 816 4892 bnis
843 4860 856 4893 e
883 4841 974 4908 poenis

152 4937 279 4992 risilibus
299 4951 333 4986 ne
351 4932 432 4982 letum
452 4926 558 4996 quidem
580 4941 692 4994 unguem
712 4923 814 4974 distsre
832 4923 974 4976 existimo.

155 5025 241 5090 Atrine
258 5020 385 5071 hoctenus
405 5012 470 5065 estis
490 5022 561 5063 recte
578 5009 666 5061 omnis
686 5023 714 5059 se
732 5005 838 5067 habent,
852 5004 875 5054 si
900 5005 975 5074 prin-

152 5107 209 5176 cipi
228 5105 366 5174 placuerit,
384 5114 450 5168 quee
468 5096 528 5148 sliis
547 5091 701 5161 ceteroquin
721 5090 813 5162 poenis
832 5087 974 5156 subiacent,

154 5194 204 5244 ists
224 5188 392 5260 [seculiariter
411 5199 497 5252 poena
528 5193 663 5232 coercere.
689 5173 723 5226 Et
747 5172 867 5243 quamvis
892 5173 974 5240 igitur

60 5267 65 5280 ’
155 5278 279 5347 princeps
298 5268 417 5342 personis
434 5261 624 5320 ecclesiasticis
642 5260 711 5313 beon
730 5272 839 5328 poenam
860 5253 887 5306 in
899 5263 973 5308 coetu

153 5359 281 5415 ecclesiae
298 5371 345 5411 sno
364 5351 471 5406 nomine
488 5344 663 5401 exercendam
683 5341 843 5407 committste
862 5337 924 5392 ideo
938 5347 972 5390 ta·

153 5460 216 5496 men
234 5440 324 5495 ecdem
344 5453 398 5489 non
418 5441 558 5502 sepsrstsm
573 5447 587 5480 s
605 5425 717 5496 reliquis
735 5440 875 5496 poenmnns
894 5439 969 5492 gene·

153 5531 229 5583 ribus
247 5536 378 5584 nstnrem,
396 5535 462 5590 quse
479 5513 657 5570 ecclesiastica
676 5509 760 5567 sceeri
779 5507 888 5570 debest,
906 5523 969 5561 nen·

152 5612 273 5664 ciseitur:
290 5605 415 5677 quonism
433 5599 541 5656 ecelesia
560 5595 689 5667 peculiari
700 5589 966 5666 etqneindependen·

156 5707 181 5750 te
194 5689 326 5766 puniendi
338 5689 458 5742 isetsltate
472 5701 523 5738 con
537 5681 643 5756 gaudet.

246 5772 347 5844 Stryirit'
369 5773 396 5824 V
394 5774 429 5824 oi.
449 5771 501 5823 XI.

1018 1805 1158 1860 sectionem
1177 1810 1284 1878 abipso
1304 1809 1481 1878 impetratam.
1501 1809 1585 1880 btqne
1604 1811 1637 1865 ita
1651 1811 1731 1868 'etlam
1751 1819 1835 1872 dedn-

1017 1902 1059 1942 cts
1079 1889 1141 1944 inde
1158 1893 1344 1962 consequentia
1364 1892 1396 1944 de
1416 1891 1540 1961 peculiari
1566 1895 1690 1952 eeclesiae
1713 1899 1838 1956 incultate

1017 1973 1156 2044 puniendi,
1175 1993 1239 2044 quse
1258 1975 1406 2046 spiritualis
1424 1976 1536 2032 rocanda
1555 1979 1610 2046 eit,
1628 1979 1710 2034 simul
1735 2001 1838 2040 enerra-

1019 2063 1069 2106 tur.
1088 2055 1189 2126 Quodsi
1208 2057 1319 2123 dixeris,
1339 2076 1430 2128 preces
1447 2079 1461 2112 s
1480 2069 1553 2112 coetu
1566 2063 1689 2117 eeclesise
1700 2067 1735 2119 ad
1752 2067 1838 2124 mum

1016 2153 1065 2208 pro
1085 2138 1131 2190 tali
1149 2150 1287 2208 peecstorc
1311 2142 1422 2206 emissae
1446 2139 1572 2196 eiieetnm
1599 2145 1680 2198 istem
1706 2150 1838 2218 spiritus·

1016 2219 1067 2280 lem
1086 2237 1241 2290 promerere
1257 2240 1344 2292 posser
1365 2235 1419 2276 tum
1438 2225 1546 2293 quaidem
1565 2229 1690 2300 excipere
1714 2250 1837 2302 possem,

1016 2302 1112 2368 prasio
1131 2303 1196 2356 setis
1214 2304 1364 2370 ostendere,
1383 2307 1503 2362 omniurn
1524 2307 1580 2362 lere
1595 2312 1685 2365 oeulos
1699 2313 1728 2366 in
1747 2333 1839 2386 pecca·

1018 2386 1158 2437 teremita
1176 2389 1281 2440 curiose
1300 2383 1402 2442 defixos
1422 2407 1497 2454 esse,
1523 2399 1552 2444 nt
1578 2413 1591 2444 s
1619 2395 1742 2464 precibus
1766 2401 1838 2469 ipen·

1017 2485 1073 2519 rom
1093 2471 1267 2538 cogitstiooes
1286 2473 1341 2525 sint
1358 2473 1554 2529 alienissimae.
1574 2479 1674 2532 Verum
1694 2479 1722 2532 id
1740 2483 1839 2538 sellem

1018 2553 1061 2605 bic
1078 2553 1106 2605 in
1126 2571 1247 2625 praescus
1265 2555 1352 2626 urgeri
1371 2555 1475 2610 enimus
1493 2568 1542 2622 est,
1561 2559 1593 2613 sti
1612 2563 1755 2618 salutarem
1776 2582 1837 2637 pre·

1015 2653 1073 2688 cum
1093 2641 1220 2706 ejusmodi
1240 2638 1366 2694 effectum
1386 2640 1544 2710 nequidem
1564 2645 1706 2714 specialem
1720 2647 1839 2704 absentie

1012 2720 1154 2784 peccatoris
1182 2720 1450 2788 denominationem,
1481 2722 1579 2778 nedum
1610 2725 1754 2782 solemnem
1782 2732 1838 2801 ejns

1013 2803 1189 2871 praesentiam
1211 2805 1320 2874 requiri.
1831 2853 1835 2860 .

1049 2882 1064 2956 §
1094 2887 1137 2938 29.
1157 2889 1290 2956 Quoniam
1305 2889 1396 2970 ¹itsqne
1418 2906 1452 2942 ex
1478 2889 1521 2944 bis
1546 2903 1673 2962 apperet,
1698 2896 1833 2965 poeniten-

1015 2969 1078 3020 tiam
1097 2973 1302 3026 ecclesiasticam
1323 2974 1424 3041 psriter
1441 2975 1534 3028 saltem
1554 2994 1611 3028 esse
1628 2979 1735 3049 aliquod
1756 2997 1837 3035 reme·

1013 3052 1086 3106 dium
1106 3057 1259 3122 coactivum,
1278 3055 1423 3128 adeoquea
1444 3076 1527 3126 poene
1546 3059 1617 3116 cirili
1636 3079 1689 3116 non
1707 3062 1838 3134 diiierree

1014 3151 1090 3211 atque
1110 3153 1243 3210 praetereo
1264 3145 1355 3213 prexia
1372 3145 1503 3208 ostendit,
1530 3163 1587 3199 esna
1616 3145 1674 3202 iere
1702 3167 1755 3206 non
1781 3152 1837 3208 nisi

1015 3225 1042 3276 in
1063 3227 1141 3278 unico
1159 3226 1256 3278 delicto
1275 3226 1379 3279 vilioris
1398 3225 1476 3280 sortis
1494 3228 1648 3302 bominibus
1667 3232 1779 3303 injungi,
1799 3253 1836 3288 se·

1016 3307 1050 3357 tis
1068 3325 1172 3378 qnoque
1190 3309 1270 3360 simul
1288 3308 1475 3378 perspicuum,
1493 3324 1518 3365 ut
1536 3314 1649 3380 opinor,
1667 3317 1737 3382 erit,
1754 3333 1787 3370 ex
1806 3335 1838 3374 ea

1016 3408 1107 3458 parum
1128 3391 1256 3444 utilitatis
1276 3392 1303 3444 in
1323 3393 1460 3444 eeclesiam
1481 3393 1583 3448 Christi
1609 3395 1769 3452 redundare:
1796 3401 1835 3454 itt·

1016 3476 1112 3543 primis
1132 3491 1190 3527 oum
1210 3477 1256 3528 slii
1281 3477 1369 3530 sdbnc
1395 3476 1492 3530 sbusns
1517 3495 1549 3530 ex
1579 3479 1664 3532 nimio
1691 3478 1837 3545 eiiectnum

1016 3557 1114 3625 studio,
1133 3579 1184 3630 qno
1203 3562 1323 3632 plerique
1342 3559 1460 3613 ministri
1481 3561 1604 3614 eeclesiis
1623 3580 1674 3617 non
1696 3579 1786 3634 psrusn
1805 3567 1837 3619 in

1017 3644 1156 3712 irroganda
1176 3645 1340 3715 poenitentia
1359 3645 1537 3701 ecclesiesties
1556 3655 1673 3711 utuntur,
1692 3656 1764 3701 certo
1783 3649 1839 3704 sini

1018 3730 1166 3795 metuendi,
1184 3731 1206 3782 si
1226 3729 1391 3800 frequentior
1409 3731 1527 3800 ejusdem
1548 3745 1612 3782 nsus
1629 3729 1834 3784 concederetur.

1018 3811 1075 3862 lloc
1094 3813 1153 3882 ipso
1172 3824 1259 3867 tamen
1279 3831 1331 3868 uon
1350 3833 1431 3884 nego,
1458 3816 1572 3884 aliquan
1599 3813 1760 3869 introductae
1779 3833 1839 3887 pas·

1019 3898 1068 3948 aim
1089 3897 1268 3967 poenitentioe
1286 3900 1478 3953 ecclesiasticse
1497 3901 1635 3954 utilitstem
1662 3917 1719 3955 esee
1743 3919 1837 3972 posse,

1019 3979 1041 4032 si
1061 3997 1091 4033 es
1111 4000 1171 4036 cere
1190 3983 1233 4052 pio
1252 3983 1340 4036 cordis
1357 3984 1454 4037 allecto
1474 3986 1541 4037 seria
1560 3984 1646 4036 eidem
1671 4004 1686 4037 a
1712 3985 1839 4039 ministro

1020 4067 1144 4119 ecelesiae
1161 4067 1307 4122 admonitio
1326 4070 1461 4139 sericoque
1482 4085 1572 4138 preces
1591 4067 1782 4134 adjungantur.

1064 4155 1087 4210 §.
1107 4151 1149 4200 30.
1169 4149 1209 4201 nt
1236 4151 1404 4222 disciplinam
1431 4150 1634 4202 eeclesiasticem
1660 4148 1755 4202 referri
1775 4163 1856 4219 quot

1019 4249 1070 4301 que
1087 4235 1153 4284 solet
1172 4234 1301 4304 peculiare
1325 4233 1432 4305 aliquod
1459 4235 1585 4301 judiciam
1614 4234 1840 4302 ecclesiasticum,

1020 4315 1088 4383 qnod
1107 4316 1154 4368 elii
1173 4316 1361 4387 presbyterium
1381 4329 1482 4381 rorant,
1506 4315 1669 4384 corrigendis
1696 4316 1837 4370 hominnm

1023 4400 1139 4453 moribus
1156 4400 1354 4454 destinandum.
1374 4401 1457 4470 Quale
1477 4400 1503 4452 b.
1522 4399 1655 4453 Brunnem
1695 4398 1723 4452 in
1742 4399 1760 4469 j
1778 4418 1801 4454 e.
1819 4401 1841 4454 l·

1026 4487 1049 4533 l.
1068 4499 1090 4534 o.
1109 4485 1135 4535 6.
1154 4503 1188 4537 m.
1207 4485 1233 4535 t.
1253 4491 1274 4548 ς.
1294 4484 1320 4536 b.
1338 4484 1365 4536 d.
1383 4495 1531 4554 sequentem
1548 4483 1575 4536 in
1590 4484 1694 4539 modum
1707 4502 1840 4538 commen·

1023 4571 1079 4622 rlul:
1098 4570 1126 4622 in
1144 4571 1277 4640 quibusvis
1292 4568 1501 4639 particularibus
1518 4568 1633 4624 ecelesiis
1653 4569 1767 4638 aliquod
1782 4585 1840 4638 rpe-

1024 4655 1093 4710 einle
1110 4657 1229 4722 regimen
1249 4651 1369 4723 requiri,
1388 4651 1459 4706 ratic
1479 4650 1537 4723 ipsa
1563 4653 1640 4706 docet
1683 4653 1755 4705 Nom
1774 4651 1840 4707 iude

1024 4752 1064 4793 tot
1081 4737 1214 4792 scandalis
1232 4737 1361 4789 laborent
1380 4751 1475 4789 omnes
1493 4735 1628 4798 eeclesiae,
1641 4751 1713 4806 quoe
1724 4752 1782 4788 nors
1793 4736 1840 4788 lta·

1025 4825 1088 4877 dent
1107 4823 1161 4875 tcie
1177 4821 1378 4889 presbrterium.
1398 4820 1467 4873 Num
1487 4819 1515 4871 in
1535 4827 1614 4871 ccetn
1631 4818 1779 4888 erpennio
1798 4836 1840 4873 re·
1927 4835 1928 4838 ¹

1022 4905 1162 4976 periuntnr
1177 4912 1316 4986 potatores
1333 4903 1441 4956 strenui
1450 4911 1497 4955 etc.
1517 4901 1591 4952 Dum
1609 4899 1692 4966 igitur
1706 4900 1839 4978 eorrectio

1025 5007 1130 5042 morum
1149 5003 1214 5041 raro
1234 4987 1272 5038 cd
1286 4985 1448 5041 consistorio
1466 4984 1628 5049 remittetur,
1646 4984 1777 5038 sccnrlnlc
1795 4996 1838 5040 tn·

1025 5093 1084 5128 men
1104 5089 1161 5128 non
1179 5081 1372 5126 removeantur
1399 5069 1465 5123 utile
1482 5080 1563 5132 esset,
1582 5085 1616 5120 oc
1631 5083 1700 5137 pene
1718 5083 1839 5121 necesses·

1023 5162 1102 5226 riom,
1124 5169 1153 5212 ret
1172 5157 1200 5210 ire
1219 5154 1336 5228 quolibet
1352 5152 1457 5207 civitate
1474 5164 1542 5206 erret
1557 5165 1698 5206 conserens
1727 5150 1840 5204 elerico·

1023 5263 1084 5300 rum
1102 5255 1129 5296 et
1146 5241 1277 5295 inicorum
1295 5256 1332 5290 ecc
1350 5238 1509 5308 magistratu
1527 5247 1552 5289 et
1569 5234 1678 5298 civibus,
1698 5233 1746 5305 qui
1761 5235 1841 5288 eccle·

1021 5331 1091 5380 siam
1109 5323 1301 5394 particularem
1315 5323 1343 5372 t're
1357 5320 1477 5374 moribus
1490 5319 1638 5388 corrigent,
1650 5316 1676 5369 ei
1684 5317 1839 5371 admonitio

1020 5409 1131 5484 privato
1149 5406 1311 5472 reipublice
1327 5421 1379 5474 per
1393 5405 1547 5458 secerdotes
1562 5401 1646 5471 ficeto
1665 5399 1737 5453 nibil
1751 5399 1842 5470 prose-

1022 5497 1096 5559 cerit,·
1109 5504 1133 5548 et
1151 5491 1176 5544 ri
1193 5508 1243 5544 nec
1259 5491 1311 5542 boc
1325 5487 1404 5542 mode
1417 5489 1558 5560 quicquum
1570 5483 1742 5554 proficiatur,
1753 5492 1842 5547 posset

1021 5597 1063 5637 ree
1080 5578 1185 5652 sncjori
1199 5591 1258 5629 rum
1274 5571 1396 5644 pendere
1420 5589 1438 5625 a
1463 5581 1520 5626 tcto
1545 5567 1623 5643 puori
1645 5565 1777 5639 Synedric
1801 5567 1841 5622 cd

1019 5661 1210 5724 consistorium
1222 5657 1324 5731 rgserri
1334 5664 1384 5710 etc.

1502 5737 1537 5792 ln
