4252 6164
237 329 296 381 231

184 425 301 494 &quod
322 437 406 478 terurn
437 420 515 474 bodie
545 436 647 489 qnoque
676 435 778 474 cessere
807 424 859 476 urit
881 425 1006 478 Sebotrn.

182 527 278 565 exsut.
287 510 343 579 jur.
354 509 385 562 r'rr
398 508 431 560 eit
434 505 475 575 Ι
491 526 517 576 p.
538 524 571 556 m·
598 523 621 557 c.
639 515 739 575 quaest.
766 505 813 560 uit.
837 520 894 558 not.
918 523 1005 577 praee.

130 600 165 656 28
182 591 298 662 quudu
315 607 378 646 sero
398 591 492 642 tertius
510 604 644 658 possessor
662 591 833 653 convenitur,
847 592 1002 647 clitersrbi-

182 679 266 732 irinm
287 677 454 738 iaciendum,
472 675 532 744 quie
552 675 596 727 bic
615 689 690 727 reuse
710 675 798 742 injusti
817 694 869 729 nou
890 679 943 731 nisi
957 698 1003 751 per

181 763 303 816 recidens
322 772 381 824 este
401 760 462 813 bnic
479 769 566 812 sutem
586 762 646 830 plus
663 759 763 814 detrubi
788 760 894 833 nequit,
924 783 1000 834 quum

179 863 272 898 revere
290 847 368 900 babet
386 846 405 897 1.
425 846 468 894 11.
486 841 521 911 Ι.
539 863 563 912 q.
583 861 619 894 m.
638 861 661 896 c·
693 847 825 910 ejusmodi
854 847 931 900 etiem
961 861 1002 902 est

177 926 273 980 beeres
288 931 334 999 qui
354 927 510 981 convenitur
527 927 546 979 1.
561 927 601 979 id.
621 935 643 990 ς.
662 928 687 978 2.
701 929 760 981 eod.
770 941 897 998 qnantum
910 943 999 984 eutem

179 1010 273 1064 breres
291 1012 400 1073 bobert,
420 1011 448 1063 id
468 1011 624 1064 restimstur
643 1014 789 1064 secuudum
809 1026 913 1084 tempus
945 1017 999 1070 litis

179 1104 334 1149 contestatae
351 1097 427 1148 120.
443 1093 485 1164 Ι
503 1096 562 1149 eod.
576 1093 697 1148 Breviter
716 1096 778 1148 brec
796 1099 999 1169 comprehendit

177 1176 309 1246 Ulpianus
325 1179 353 1231 in
371 1178 708 1242 cruentaverant
729 1181 789 1233 eod.
813 1179 907 1234 carum
927 1183 997 1235 cirne

176 1276 233 1312 rem
254 1271 325 1313 rnetn
342 1263 454 1316 eblrtsrn
473 1264 533 1332 quis
553 1262 619 1314 ieret
638 1264 695 1314 vid.
709 1264 790 1334 opud.
805 1265 893 1316 strue.
908 1285 995 1321 exerc.

171 1343 199 1394 8.
230 1345 270 1396 tlr.
290 1347 337 1397 21.
357 1347 402 1398 ubi
422 1357 541 1399 occurete
559 1349 630 1399 circs
661 1347 730 1398 benc
760 1366 815 1400 rern
846 1348 997 1419 distinguit.

120 1461 156 1516 m
173 1427 249 1496 Quod
269 1431 339 1484 circe
360 1431 427 1483 benc
444 1431 578 1483 actionem
598 1437 664 1486 eden
683 1433 802 1500 prolixus
828 1431 948 1496 inerim,
968 1435 994 1486 id

171 1509 282 1566 obscure
302 1522 329 1565 et
347 1514 415 1568 mire
435 1526 527 1568 neturr
544 1516 662 1581 ejusdem
682 1515 784 1585 exigit,
812 1533 888 1583 quem
916 1533 994 1568 nemo

171 1592 218 1643 dd.
235 1612 301 1664 quos
318 1595 426 1666 quidem
446 1599 537 1650 sidere
555 1599 642 1661 licuit,
661 1598 789 1650 bectenus
813 1599 860 1650 beu
893 1598 995 1652 retiuus

119 1681 155 1732 31)
170 1677 325 1748 explicarit.
342 1680 432 1750 Neque
449 1682 545 1751 uliquis
564 1698 596 1734 ex
615 1700 646 1736 eo
660 1699 700 1734 me
715 1681 907 1750 reprehendet,
924 1683 993 1754 quod

169 1763 235 1816 baec
254 1768 324 1818 ectio
340 1766 425 1836 quood
443 1769 620 1836 qnedrupiuru
639 1768 740 1820 dicetur
758 1769 838 1823 bodie
858 1787 960 1823 cessere
978 1790 992 1823 s

171 1847 296 1900 Seboteu.
314 1867 404 1902 enom.
430 1851 487 1920 jur.
508 1863 567 1905 not.
582 1862 671 1918 prout.
690 1854 721 1903 r'n
747 1852 786 1906 tir.
795 1851 836 1921 Ιῖ
867 1873 893 1923 q.
912 1871 947 1906 or.
968 1873 991 1908 c.

167 1931 345 1998 quodetiam
363 1933 425 1988 uuir
442 1934 618 2005 Grunuegen.
633 1936 671 1988 ad
686 1936 717 1987 Ιι.
731 1937 772 1989 tit.
790 1948 816 1990 et
842 1939 927 1992 Strur.
944 1941 991 2012 ju·

166 2016 253 2081 rr'spr.
273 2033 344 2072 rom.
372 2035 456 2085 germ.
477 2019 524 2072 lib.
551 2022 577 2072 3.
594 2019 635 2074 eir.
658 2021 701 2074 22.
721 2040 749 2073 u·
767 2022 793 2073 tt.
811 2021 907 2091 infin.
934 2026 990 2078 Hoc

166 2100 243 2154 enirn
262 2101 296 2155 de
316 2103 433 2155 moribus
450 2101 611 2158 Germeuise
629 2103 796 2172 generalibus
826 2122 880 2158 non
897 2124 978 2162 conce

163 2183 207 2235 dit
225 2185 254 2237 b.
272 2184 494 2239 Bruuuemennns
512 2187 541 2240 in
559 2189 579 2241 l.
597 2189 624 2242 ll.
637 2186 673 2256 Ι
691 2209 716 2260 p.
736 2207 770 2240 m.
783 2206 806 2242 c.
819 2207 847 2241 rr.
863 2191 905 2242 tn.
919 2193 988 2260 quod

164 2268 210 2319 lex
230 2285 336 2339 semper
354 2269 442 2338 rigere
458 2282 653 2339 proesumetnr,
670 2276 735 2326 ticet
753 2289 805 2326 uon
823 2289 929 2344 semper
946 2293 986 2328 se·

163 2349 283 2404 mudum
303 2370 360 2406 eom
382 2347 580 2421 pronuncietur.
597 2356 633 2409 Et
656 2357 720 2412 lieet
746 2375 866 2428 potrum,
895 2362 990 2413 multos

164 2435 241 2504 leges
262 2446 338 2489 extre
357 2455 432 2491 nsum
452 2441 597 2509 prectirnm
628 2441 727 2512 positos
754 2459 831 2506 esre,
848 2441 990 2512 [ebrogrtis

163 2529 258 2574 temen
276 2521 359 2574 etiem
377 2524 527 2588 studemus,
545 2524 613 2595 qnod
633 2527 728 2578 muitxe
746 2543 781 2580 ex
799 2527 895 2584 intime
920 2539 989 2582 rete·

161 2621 225 2658 rum
256 2620 406 2672 greecorum
436 2608 714 2680 pbilosopbir·petitsc
744 2627 801 2664 esse
830 2611 988 2680 rideeutur,

162 2707 229 2760 ques
250 2690 278 2744 in
297 2687 386 2743 lurum
405 2703 525 2746 nostrum
545 2693 711 2748 introducere
729 2703 845 2748 ueterum
865 2697 908 2748 dd.
929 2697 990 2750 beb-

161 2773 246 2826 etndo
265 2791 321 2827 uon
339 2773 463 2838 admisu,
482 2776 583 2846 dequo
600 2777 770 2847 conqueritur
800 2778 877 2830 dmn
908 2779 989 2834 Feide

159 2857 193 2909 r'rr
209 2861 301 2928 praefi
319 2861 357 2914 ad
373 2861 450 2916 unul.
466 2865 523 2933 pol.
540 2862 617 2916 ariel.
635 2873 664 2916 ut
684 2875 836 2930 teneurunt,
863 2882 920 2920 reru
944 2885 987 2922 ns·

163 2950 224 2994 son
245 2942 394 3014 frequentis
412 2947 541 3012 ejusmodi
562 2949 687 3000 meterius
706 2948 734 3000 ic
753 2951 809 3016 jure
840 2967 892 3002 uon
910 2961 990 3010 ¹route

127 3074 130 3078 ,
164 3024 315 3094 intellectu,
342 3029 433 3082 multis
462 3030 521 3084 eliis
539 3033 629 3085 lurnen
646 3030 793 3096 chroro-rt,
824 3042 850 3085 et
876 3050 907 3088 ex
924 3033 1001 3086 nto

168 3109 308 3180 hypothesi
341 3114 497 3167 innumerus
525 3113 603 3166 frises
633 3116 831 3184 consequentius
861 3117 989 3169 construi.

111 3181 154 3232 3¹
173 3195 236 3246 lem
253 3195 435 3267 progredimur
452 3196 484 3249 ed
503 3197 602 3266 relique
624 3199 651 3249 iu
669 3200 727 3265 jure
755 3197 920 3266 suppeditete
947 3216 987 3252 re·

172 3281 369 3336 metianum
388 3293 505 3343 suetum
523 3281 673 3350 etquidem
702 3282 765 3334 huie
797 3283 944 3350 explicator
962 3301 990 3332 e·

165 3367 249 3420 etioni
266 3387 294 3437 q.
315 3386 351 3420 m.
369 3384 391 3420 u.
408 3383 533 3436 expresse
549 3383 564 3418 e
582 3365 662 3418 Paulo
679 3369 739 3420 icto
758 3365 988 3433 contradictiugnt·

164 3461 210 3508 tnr
228 3453 303 3504 ectio
321 3451 412 3517 utilis,
430 3450 508 3503 irrito
525 3467 558 3504 ex
575 3450 704 3520 sequitete
734 3451 866 3520 praetorio
897 3450 989 3504 bibito

163 3537 278 3604 negotio
298 3535 367 3602 quod
384 3546 485 3604 gesturo
504 3544 544 3588 est
563 3535 580 3588 l.
601 3535 646 3587 12.
664 3541 687 3596 ς.
706 3534 753 3590 ult.
765 3535 809 3603 Ι.
827 3555 853 3606 q.
874 3553 910 3586 m.
928 3551 953 3586 e.
972 3535 990 3586 l.

165 3620 195 3670 9.
215 3628 240 3682 ς.
261 3622 289 3673 3.
308 3632 335 3675 el
354 3620 378 3674 1.
396 3621 456 3676 eod.
475 3622 490 3673 1.
513 3623 539 3672 n.
557 3639 580 3674 c·
599 3621 660 3674 eud.
679 3622 750 3674 Herc
768 3623 837 3674 ectio
856 3622 930 3674 utilis
944 3623 990 3693 (si

167 3721 200 3757 re
219 3705 322 3768 realis,
342 3703 397 3756 sire
415 3705 562 3774 perronelis
581 3721 632 3772 per
648 3703 692 3756 cie.
709 3703 773 3774 leg.)
796 3716 834 3760 est
864 3707 991 3760 restituto·

165 3788 221 3851 rin,
242 3805 313 3856 quse
330 3789 457 3856 competit
474 3788 552 3841 irrito
570 3787 675 3841 reddito
699 3805 732 3839 ex
761 3791 891 3858 nequitate
919 3805 992 3860 prce·

166 3873 239 3927 torio
257 3891 306 3936 eo,
322 3872 391 3941 quud
408 3873 434 3926 si
456 3882 560 3925 metose
576 3881 678 3939 gestum
697 3883 753 3938 est,
771 3875 862 3926 stricto
878 3877 935 3940 jure
948 3892 990 3926 ee·

169 3956 260 4008 lidum
280 3955 406 4010 existens.
425 3955 496 4008 ilinc
514 3956 610 4009 dicitnr
627 3956 669 4009 bis
687 3956 835 4009 actionibus
854 3974 897 4010 res
919 3958 993 4012 resti·

169 4039 210 4090 tui
231 4053 296 4092 sune
314 4039 439 4106 seqniteti
458 4038 477 4091 l.
485 4037 542 4108 fin.
561 4046 582 4100 ς.
598 4042 623 4091 1.
645 4049 672 4092 et
695 4040 721 4092 2
745 4042 771 4095 d.
795 4048 814 4091 1.
833 4041 914 4094 Modo
932 4059 996 4095 reru

170 4125 272 4188 realis,
294 4121 372 4176 modo
392 4125 535 4192 persouslis
554 4122 659 4176 institui
678 4135 768 4191 potest,
785 4136 864 4194 prout
881 4143 999 4182 commu·

172 4205 237 4260 dius
256 4195 343 4258 sutori
363 4206 475 4260 ridetur.
492 4207 511 4258 l.
530 4207 555 4258 3.
575 4214 594 4268 ς.
619 4204 643 4258 l.
668 4204 728 4260 eod.
747 4205 814 4259 Nom
846 4207 869 4258 si
887 4209 947 4276 quis
965 4211 992 4262 ri

171 4301 283 4346 metere
300 4290 437 4343 liberendo
454 4289 618 4354 debitorem,
637 4289 722 4343 eidem
742 4290 887 4342 cautionem
907 4291 982 4347 chiro

172 4377 345 4446 grepberiem
364 4373 481 4438 dederit,
501 4377 600 4442 poterit
618 4374 727 4428 rescisse
747 4372 905 4428 liberetione
934 4390 995 4430 ceu·

175 4460 284 4515 tionem
302 4456 447 4523 uindicare,
465 4456 524 4510 utili
543 4457 572 4510 in
591 4471 646 4511 rem
664 4455 767 4511 untione
790 4455 936 4525 institute,
951 4471 994 4516 eut

748 322 795 375 DE
816 325 989 381 nunrnntts
1009 318 1151 382 CONTRA
1170 327 1311 386 METUM.

1765 328 1821 388 238

1055 426 1145 479 utitem
1165 431 1330 496 personalem
1350 427 1459 481 rescisse
1479 427 1635 483 libentione
1645 431 1684 483 rei
1698 435 1875 502 receptilctio·

1054 527 1087 560 ne
1104 524 1195 564 contre
1216 523 1315 564 metum
1336 513 1493 565 inserentem
1513 515 1636 582 dirigere.
1656 515 1762 584 Quibus
1792 521 1873 570 ectio·

1054 593 1148 659 nibus,
1167 595 1190 648 si
1210 613 1262 648 unu
1282 597 1397 666 peritum
1418 596 1500 648 inerit
1528 599 1657 662 erbitrio,
1689 599 1872 656 condemnatio

1053 678 1161 746 quidem
1179 697 1230 732 non
1248 677 1278 733 fit
1296 682 1324 732 iu
1342 680 1534 750 quadruplum,
1555 681 1598 732 sed
1619 681 1646 732 in
1666 681 1737 734 litem
1767 685 1871 749 juretur

1052 765 1070 816 1.
1085 766 1178 831 ldpr.
1181 763 1222 833 Ι
1234 769 1268 819 de
1283 764 1339 818 dol.
1353 765 1416 816 mul.
1432 763 1546 835 Quando
1561 765 1589 816 in
1603 766 1621 816 i.
1636 764 1679 817 11.
1695 766 1720 836 ᾗ.
1738 767 1781 816 13.
1788 764 1830 833 Ι
1844 786 1868 836 q.
1888 762 1924 814 32

1052 867 1088 902 m.
1099 867 1122 902 o.
1141 851 1174 903 de
1198 851 1302 903 cutione
1326 848 1379 901 doli
1395 849 1513 912 dicitnr,
1525 847 1593 916 quod
1609 860 1744 902 concurret
1763 867 1821 902 cum
1841 871 1868 903 e·

1048 935 1136 988 ctione
1148 953 1174 1004 q.
1190 953 1224 988 sn.
1239 954 1263 986 r.
1277 933 1396 1002 intellige
1409 949 1497 986 rernm
1520 932 1547 983 id
1569 949 1627 984 esse
1637 943 1782 1001 propterea,
1795 933 1865 1002 qnod

1048 1027 1156 1088 utreque
1166 1020 1196 1070 ed
1211 1020 1353 1072 vindictum
1370 1023 1404 1071 sit
1417 1025 1580 1084 comperete,
1601 1016 1633 1066 ed
1659 1019 1779 1085 poeurles
1793 1019 1865 1072 euim

1047 1101 1163 1156 ectioues
1181 1103 1197 1154 l.
1213 1104 1237 1155 2.
1251 1121 1274 1156 o.
1294 1102 1329 1154 de
1347 1101 1403 1154 dol.
1423 1101 1488 1154 niul.
1507 1117 1559 1150 uon
1577 1099 1732 1152 extenditur
1756 1119 1804 1169 per
1823 1102 1866 1155 in·

1048 1189 1258 1254 terpretotionem
1273 1185 1317 1239 dd.
1332 1185 1444 1238 Bucbor.
1456 1186 1487 1238 ed
1507 1175 1605 1251 rrpdtrn
1623 1183 1663 1235 n'e.
1676 1203 1702 1254 q.
1721 1203 1756 1236 m.
1770 1202 1793 1239 c.
1806 1203 1866 1251 cop.

1046 1269 1071 1320 3.
1084 1287 1111 1321 n·
1126 1269 1152 1322 3.
1167 1268 1198 1320 Β.
1219 1268 1363 1322 Bruuneru·
1386 1270 1421 1320 nd
1437 1270 1455 1320 1.
1484 1268 1527 1320 tt.
1547 1277 1569 1331 ς.
1588 1271 1633 1320 13.
1637 1267 1677 1335 Ι
1694 1289 1720 1338 q.
1735 1287 1768 1320 m.
1781 1285 1804 1320 o.
1822 1270 1865 1336 ju-

1045 1352 1170 1424 estquod
1188 1365 1299 1422 utreque
1317 1353 1392 1405 detur
1410 1353 1441 1404 nd
1460 1354 1645 1406 rescissionem
1674 1362 1770 1414 ectuse
1795 1370 1862 1421 quen

1045 1435 1156 1490 uuunde
1174 1439 1244 1492 ratio
1262 1437 1400 1489 decidendi
1428 1437 1456 1488 in
1486 1439 1512 1490 d.
1544 1437 1560 1490 l.
1581 1437 1604 1488 2.
1630 1455 1652 1488 c.
1670 1435 1704 1489 de
1724 1433 1862 1490 do!.rnni.

1043 1537 1100 1574 esse
1118 1519 1240 1584 rideturq
1260 1520 1368 1573 ininmic
1386 1523 1472 1583 enirn,
1491 1540 1571 1591 quern
1591 1520 1660 1571 ertio
1678 1517 1783 1572 dedolo
1809 1521 1859 1571 im·

1043 1617 1147 1678 portet,
1166 1606 1304 1674 rdeequete
1323 1605 1391 1656 ertio
1409 1605 1553 1658 decisionis
1573 1605 1610 1656 ibi
1630 1621 1682 1656 uon
1702 1613 1753 1666 est,
1766 1612 1861 1672 utpote

1041 1689 1205 1760 qureetiem
1225 1691 1378 1742 iunctione
1405 1689 1540 1754 mandeti,
1566 1691 1662 1741 tutelee
1690 1697 1716 1740 et
1745 1687 1859 1756 depositi

1041 1775 1147 1828 directis
1164 1773 1310 1843 quedrsret.
1329 1773 1375 1826 dn.
1392 1793 1405 1824 n
1424 1773 1507 1826 Fonte
1522 1773 1646 1840 praeterr.
1668 1773 1706 1825 nd
1719 1771 1760 1822 rit.
1763 1769 1805 1839 Ι
1826 1774 1859 1826 de

1041 1858 1096 1912 dol.
1111 1860 1177 1914 mol.
1191 1861 1229 1912 De
1242 1857 1359 1912 remedio
1372 1875 1403 1910 ex
1417 1860 1500 1912 edicto
1514 1858 1541 1910 d.
1552 1858 1634 1910 diurni
1650 1873 1683 1908 ex
1697 1857 1713 1908 1.
1729 1857 1771 1907 13.
1776 1854 1818 1923 Ι.
1829 1877 1855 1926 p.
1876 1831 1912 1884 ³³

1040 1959 1077 1993 m.
1089 1959 1112 1996 r.
1124 1961 1177 2012 quo
1187 1941 1291 2009 iubetur
1303 1942 1344 2008 ius
1356 1939 1452 1994 crediti
1467 1941 1601 2003 emittere,
1614 1940 1734 2010 quisquis
1745 1956 1800 1992 rem
1816 1941 1858 1995 rel

1038 2028 1175 2094 pecuniem
1189 2025 1241 2077 sibi
1255 2023 1388 2089 debitum,
1402 2025 1477 2077 ilirtu
1490 2025 1529 2078 sel
1557 2023 1667 2076 leticulo
1681 2025 1761 2075 etiem
1783 2035 1856 2077 metu

1038 2111 1232 2176 extorrit,srrp.
1246 2125 1269 2160 o.
1283 2108 1307 2161 i.
1321 2111 1388 2161 circe
1403 2119 1521 2160 mutuum
1533 2145 1540 2169 .
1552 2119 1577 2160 et
1591 2125 1615 2160 r.
1635 2109 1668 2170 5„
1685 2107 1712 2160 in
1727 2106 1788 2177 sto.
1806 2109 1856 2159 uli·

1036 2192 1101 2260 quid
1115 2195 1275 2254 moenitum
1287 2193 1361 2259 cuijus
1372 2192 1489 2259 rigorem
1504 2191 1606 2260 egregie
1619 2203 1708 2244 contre
1721 2193 1854 2245 Grouue·

1037 2290 1086 2342 gen
1100 2275 1129 2325 r'n
1142 2273 1170 2327 d.
1182 2275 1201 2326 i·
1217 2275 1259 2327 13.
1273 2286 1301 2329 es
1312 2286 1331 2326 t.
1345 2275 1378 2326 de
1394 2277 1466 2329 Pete.
1480 2275 1512 2328 dc
1524 2277 1610 2330 Grerc
1624 2294 1713 2330 exer-c.
1724 2277 1749 2328 n.
1761 2279 1799 2330 tir.
1812 2279 1856 2330 20.

1039 2356 1187 2407 rationibus
1200 2365 1226 2408 et
1236 2356 1409 2425 praejudiciis
1425 2355 1545 2410 defendit
1559 2359 1584 2410 b.
1598 2359 1743 2412 Bruuuem.
1756 2379 1855 2413 comm.

1037 2438 1065 2492 in
1069 2439 1111 2509 Ι
1122 2440 1150 2494 d.
1159 2441 1177 2492 l.
1189 2444 1235 2493 13.
1246 2442 1408 2496 moderatior
1422 2442 1621 2511 Gronrregeuio
1646 2455 1687 2496 est
1708 2445 1859 2498 Subotecus

1037 2545 1125 2580 eornm,
1136 2529 1190 2597 jur.
1205 2530 1245 2582 tis.
1257 2547 1332 2598 pm.
1346 2547 1368 2581 o.
1381 2548 1407 2597 q.
1423 2529 1469 2582 tn.
1480 2538 1530 2582 unt
1542 2539 1625 2595 prout.
1639 2545 1779 2593 essereus,
1798 2549 1857 2600 poe·

1038 2629 1097 2664 nem
1118 2613 1194 2680 buius
1207 2614 1273 2682 legis
1292 2612 1434 2666 secuudum
1451 2614 1548 2664 multos
1562 2630 1683 2678 cessere,
1703 2623 1728 2667 et
1747 2614 1857 2684 quidem

1038 2697 1152 2750 maxime
1166 2698 1193 2749 in
1208 2697 1503 2750 EndirudinCreterum
1513 2697 1667 2766 exceptione
1681 2707 1776 2762 melus,
1789 2717 1854 2768 quse
1874 2684 1909 2736 3⁴

1036 2800 1138 2851 quoquc
1150 2782 1179 2833 io
1193 2798 1249 2834 rem
1263 2781 1357 2849 scripte
1370 2792 1424 2844 est,
1447 2782 1535 2850 potins
1557 2799 1635 2848 quom
1660 2783 1760 2836 notione
1788 2795 1857 2836 uteu-

1037 2869 1099 2918 dum
1119 2882 1174 2920 esse
1192 2866 1278 2919 stetnit
1296 2864 1459 2934 Pomponius
1479 2867 1509 2917 in
1523 2866 1540 2917 l.
1553 2864 1580 2920 1.
1589 2867 1613 2932 §.
1624 2863 1734 2932 pemff.
1753 2867 1786 2920 de
1799 2866 1854 2919 dol.

1038 2948 1103 3004 mol.
1117 2958 1144 3001 et
1155 2957 1216 3001 met.
1228 2964 1288 3000 eno.
1302 2947 1324 3000 si
1345 2948 1478 3015 negotium
1493 2964 1547 3000 non
1561 2950 1597 2999 sit
1611 2947 1764 3016 perfectum,
1793 2950 1811 2998 i.
1830 2966 1854 3002 e·

1038 3035 1060 3085 si
1073 3033 1157 3086 edbun
1169 3032 1198 3084 in
1212 3031 1391 3103 promissione
1403 3029 1473 3083 iuotx
1489 3033 1628 3095 subsistet,
1644 3047 1693 3082 neu
1711 3030 1856 3084 secuudum

1038 3118 1105 3169 benc
1117 3115 1182 3186 qnid
1196 3117 1309 3168 mimum
1321 3114 1360 3167 sit.
1372 3113 1425 3166 Sed
1438 3112 1569 3182 Ulpianus
1585 3121 1654 3165 reule
1665 3123 1692 3166 et
1707 3121 1766 3163 tuutc
1776 3113 1858 3166 sotio·

1037 3215 1097 3252 nem
1115 3199 1199 3252 iocum
1214 3197 1310 3250 bebere
1323 3197 1415 3258 traditu
1427 3195 1531 3248 etiamsi
1545 3195 1681 3264 negotium
1697 3195 1724 3245 in
1739 3195 1855 3262 promis·

1038 3283 1113 3335 sione
1127 3283 1212 3334 edbuc
1225 3281 1368 3344 subsistet,
1381 3288 1409 3331 et
1428 3281 1467 3331 its
1477 3279 1509 3331 eb
1529 3280 1687 3351 imperatore
1710 3279 1857 3344 iudiertom

1039 3383 1095 3420 esse
1114 3376 1224 3420 testetur
1243 3366 1262 3418 1.
1274 3367 1300 3418 3.
1312 3361 1335 3434 5.
1346 3366 1372 3415 3.
1383 3361 1453 3431 fflq.
1473 3380 1509 3414 m.
1523 3380 1547 3416 c.
1571 3361 1640 3414 Nem
1667 3363 1781 3414 interest
1798 3361 1857 3429 ejus

1037 3451 1084 3521 qui
1096 3467 1124 3504 ss
1134 3449 1260 3518 obligerit
1269 3489 1277 3514 ,
1287 3449 1398 3501 libereri
1412 3447 1445 3500 ub
1457 3446 1629 3518 obliquatione.
1645 3443 1698 3498 bro
1708 3463 1807 3500 sumtu.
1825 3447 1856 3500 iu

1039 3555 1062 3590 c·
1075 3537 1109 3591 de
1122 3535 1244 3603 dispone
1261 3531 1288 3587 ui
1299 3542 1358 3584 met.
1371 3549 1399 3584 n.
1411 3531 1439 3582 d.

1075 3619 1195 3672 'leudem
1214 3627 1304 3670 contre
1321 3615 1376 3670 rim
1395 3626 1421 3668 et
1438 3622 1536 3670 metum
1555 3611 1671 3682 insurgit
1683 3613 1854 3668 interdictum
1876 3614 1912 3666 tn

1041 3701 1111 3755 unde
1124 3702 1150 3756 ri
1162 3703 1191 3754 in
1206 3699 1438 3770 possessionibus,
1449 3697 1480 3750 it.
1504 3697 1573 3767 qood
1598 3699 1622 3750 ri
1648 3707 1692 3750 eut
1712 3702 1778 3751 clem
1797 3701 1816 3751 1.
1830 3701 1857 3752 lb

1038 3784 1123 3854 pr.ffi
1137 3805 1161 3856 q.
1175 3803 1210 3837 m.
1223 3804 1246 3838 c.
1259 3802 1307 3838 uer
1325 3801 1378 3837 non
1396 3785 1439 3838 lex
1451 3784 1515 3852 julie
1528 3783 1560 3834 de
1572 3785 1597 3835 ri
1612 3783 1709 3850 prirsts
1723 3784 1740 3835 l.
1762 3785 1804 3835 12.
1815 3783 1858 3854 Ι

1040 3868 1102 3924 eod.
1113 3871 1131 3921 1.
1141 3889 1207 3941 pru.
1221 3881 1247 3924 st
1260 3869 1310 3920 ult.
1313 3866 1355 3935 Ι
1367 3868 1403 3920 nd
1416 3868 1433 3918 i.
1443 3867 1495 3936 jul.
1508 3869 1540 3920 dr
1550 3866 1577 3920 ui
1584 3869 1651 3934 priv.
1664 3867 1757 3936 deque
1770 3884 1859 3936 supro

1040 3973 1062 4006 c.
1075 3954 1100 4005 b.
1113 3955 1141 4006 in
1149 3953 1203 4022 fin.
1216 3969 1318 4022 quoque
1330 3950 1457 4020 quendem
1471 3950 1569 4002 monui.
1583 3949 1721 4002 Caeterum
1729 3988 1739 4016 ,
1750 3951 1795 4008 nui
1810 3953 1857 4004 bn·

1043 4058 1100 4094 rum
1112 4039 1251 4110 specialem
1264 4049 1291 4092 et
1303 4039 1383 4090 latum
1405 4036 1607 4105 explicationem
1634 4036 1764 4106 exquirit,
1782 4037 1858 4095 edent

1042 4125 1201 4193 interpretes
1213 4140 1302 4176 eorum
1317 4121 1486 4176 meterierum
1501 4121 1530 4172 in
1544 4119 1648 4190 proprie
1661 4118 1729 4173 sede.
1742 4117 1797 4186 Ego
1808 4119 1857 4172 bru

1043 4207 1098 4259 rice
1114 4202 1195 4258 finem
1210 4204 1285 4257 iccio.
1300 4205 1379 4258 Sucro
1393 4205 1503 4257 Senctce
1519 4213 1546 4257 et
1558 4203 1709 4256 indirirluee
1728 4201 1857 4255 Triniteti

1043 4291 1076 4342 ob
1089 4304 1223 4342 concessus
1237 4288 1305 4342 eires
1317 4299 1343 4340 et
1354 4305 1430 4358 opem
1443 4287 1611 4359 preestitem,
1624 4285 1730 4354 elinque·
1739 4303 1858 4338 summes

1044 4370 1164 4424 bonitatis
1176 4366 1315 4432 beneficis,
1328 4370 1448 4439 leudem,
1462 4370 1587 4426 bonorem
1602 4381 1628 4424 et
1640 4370 1751 4440 glorium
1771 4370 1801 4422 in
1813 4369 1858 4426 d*

1044 4455 1097 4512 bin
1114 4454 1267 4512 hunitune
1277 4453 1400 4511 offerens.
