4352 6226
209 239 267 306 stt
606 251 655 304 nu
674 252 882 310 rntvteeoto
902 253 1180 322 annstutntouts
1198 263 1395 320 uuesccusr
1738 261 1794 320 ιιι

154 345 231 400 lrrite
251 357 329 418 atque
348 347 420 398 nulia
439 345 586 402 declaretur
598 355 733 404 versiculo:
748 359 829 410 Auel,
841 365 896 415 5011
906 366 978 422 arm
1030 358 1168 410 versiculo:
1181 361 1385 429 :congestorum
1395 361 1467 418 allen
1482 361 1538 416 uutl
1545 359 1624 430 ietien
1635 359 1680 416 der
1688 363 1759 416 IIet'i.
1769 366 1847 418 Itour-

154 433 323 502 appellurion
342 433 430 487 neser
441 450 476 484 un
494 435 588 498 Unser,
604 437 674 486 nocie
699 439 803 493 Unrers
824 447 978 505 Nerulum.
1027 443 1124 494 ilet'cds
1136 444 1256 497 Fitrsten
1270 457 1320 497 etc.

155 515 383 571 neuuturtetctu
404 516 676 586 CemmerIIul'nnd
692 521 799 579 undem
825 531 978 602 Gericlrtesq
1063 529 1103 594 (ιι)
1116 525 1204 579 Bluen.
1215 547 1254 593 pr.
1267 547 1339 582 enm.
1354 539 1373 582 t.
1386 530 1420 581 39
1443 529 1677 585 ιι.2.112“ιιι1ιιιΙι.
1695 547 1718 583 c.
1732 531 1750 582 l·
1773 550 1799 602 p.
1814 549 1847 586 ιιι.

155 599 544 670 wiedieauZeitengenunnt
563 603 682 669 worden,
708 606 739 658 in
763 613 884 670 Ilecieten
906 623 980 673 nicdt
1120 613 1182 662 1⁰3·
1198 613 1455 682 Milli-bmm·

155 683 217 754 nus
230 699 401 754 gennmmen,
419 683 584 752 engelnrsen,
607 687 678 740 noeis
703 690 814 762 dernqs
823 703 981 766 gemme,
1065 691 1116 746 Tit.
1135 693 1179 744 30.
1200 695 1346 764 Antequam
1367 714 1428 750 seru
1447 698 1509 750 baec
1526 697 1620 751 citatio
1637 698 1741 752 decerni
1756 707 1848 766 potest,

157 771 265 826 werden
278 769 305 820 in
322 767 404 822 keine
420 769 517 830 Wet'se,
530 769 603 822 donn
625 771 684 825 Wir
695 773 739 828 die
747 777 820 844 ierat,
834 786 884 836 wie
896 789 977 852 deun,
1029 773 1078 826 trie
1097 775 1162 829 beeo
1179 779 1342 844 conjunctim
1364 783 1542 848 requiruntur:
1551 782 1630 836 initio
1648 783 1756 852 quidem
1771 783 1849 836 nuts-

157 854 301 910 uniductu
315 849 977 936 ericietstbiemitgnnicverniclttenmidmpffin
1026 875 1077 926 que
1102 863 1211 930 imperii
1237 866 1309 916 erebi
1325 866 1476 920 dicesseriis
1501 869 1579 919 istius
1606 869 1736 936 privilegii
1770 869 1850 935 origi·

158 939 216 995 und
226 934 598 1006 krnfftlosserkennen,unn
613 939 771 996 Iidmircder
787 945 982 1018 Kdyreriiclaer
1029 944 1087 996 nale
1105 945 1237 998 insinuari
1257 949 1350 1010 debet,
1368 950 1436 1016 qnod
1457 950 1495 1001 nti
1516 949 1544 1001 in
1569 967 1671 1002 camere
1699 950 1796 1003 lectuna
1823 961 1850 1004 cs

159 1023 253 1076 eructu
267 1019 326 1074 und
341 1017 587 1072 Voiikumntenlieit
599 1021 765 1079 wissrndliolt
778 1033 835 1081 und
846 1032 979 1106 iuKruffl
1029 1025 1227 1082 interlocutoria
1244 1033 1340 1098 judicis
1358 1045 1511 1102 noceptatum
1532 1035 1584 1087 iuit
1610 1037 1636 1085 d.
1664 1035 1708 1086 19.
1735 1036 1849 1089 iebrner.

160 1107 246 1160 dieses
259 1103 374 1172 Briescs.
1031 1108 1111 1163 1589.
1128 1113 1169 1182 (cr)
1189 1115 1224 1164 ita
1243 1117 1309 1166 unlli
1329 1117 1489 1182 dubitemus,
1508 1119 1572 1186 quin
1593 1119 1620 1169 in
1639 1118 1739 1184 judicio
1753 1121 1850 1186 puriter

198 1191 249 1242 Tb.
268 1190 313 1241 27.
334 1189 419 1256 Atque
436 1185 562 1240 ltaetenus
579 1206 646 1258 qnae
664 1189 735 1243 dicte
754 1203 822 1260 snut,
842 1199 981 1270 praecipue
1030 1194 1117 1247 aulico
1136 1199 1206 1248 idern
1226 1197 1392 1252 obsecratum
1412 1202 1456 1253 sit.
1475 1202 1548 1254 Alias
1572 1202 1643 1253 enirn
1669 1201 1714 1252 nbi
1741 1203 1790 1253 boc
1814 1198 1849 1252 le·

159 1277 230 1330 eires
251 1277 406 1328 lubecenses
424 1291 438 1324 ι
459 1277 590 1326 sententia
615 1277 731 1342 judicum
758 1290 785 1331 et
814 1288 982 1350 magistratus
1030 1283 1103 1328 dunt
1124 1297 1175 1333 uon
1194 1291 1244 1346 eet,
1262 1299 1320 1334 earn
1346 1282 1465 1337 doctores
1491 1296 1629 1356 suggerunt
1656 1286 1805 1348 centelero,
1824 1297 1852 1338 nt

162 1364 215 1426 sni,
234 1361 266 1413 ed
287 1361 423 1428 superiora
444 1359 551 1428 imperii
571 1360 646 1412 arcbi
661 1361 800 1416 disasteria
817 1367 983 1436 appellentes
1033 1359 1112 1412 '³¹⁸'st
1132 1365 1318 1432 ⁵⁰l⁸ltll⁰⁸¹i⁰⁰⁵
1338 1385 1387 1435 1³³⁰
1405 1369 1529 1420 ⁰³¹⁸¹i⁰⁰²
1548 1370 1702 1436 ³¹¹i¹¹¹lll¹¹⁸¹i
1720 1369 1804 1429 9Ῑῑθῦι
1824 1377 1851 1418 0⁸

163 1455 334 1498 concernunt.
351 1445 411 1496 ,lem
433 1459 493 1495 rero
509 1443 595 1495 adhuc
619 1445 760 1498 ridendum
789 1463 863 1503 restet
879 1488 886 1515 ,
905 1469 983 1520 quam
1035 1442 1062 1494 iu
1081 1462 1181 1501 camere
1200 1444 1253 1523 (β)
1272 1461 1299 1500 et
1318 1450 1347 1500 in
1367 1451 1466 1516 judicio
1482 1455 1595 1506 caeseris
1613 1453 1696 1502 eulieo
1715 1465 1851 1519 processus

162 1529 317 1582 honorabile
336 1528 458 1581 unirersn
477 1529 642 1593 megtsunut
661 1530 795 1584 lubecensi
815 1535 851 1588 sit
870 1537 919 1590 buc
938 1555 984 1589 no.
1036 1528 1207 1596 denegentur.
1226 1533 1271 1602 (γ)
1288 1533 1392 1587 Deinde
1409 1535 1530 1586 doctores
1548 1534 1695 1601 requirunt,
1713 1543 1739 1583 ut
1760 1533 1850 1584 seleo-

162 1627 245 1666 ,uum
265 1611 453 1680 appellationis
473 1611 659 1680 priuilegium.
677 1613 730 1666 Ubi
756 1618 869 1670 minime
888 1637 982 1688 negan—
1034 1626 1090 1661 rem
1110 1616 1199 1678 judice
1215 1629 1392 1688 competente,
1410 1608 1447 1689 (ὃ)
1465 1620 1504 1670 sel
1530 1620 1557 1670 in
1583 1616 1728 1686 proesentis
1755 1615 1852 1668 nuterii

162 1697 228 1748 eluro
247 1708 298 1760 ast,
319 1695 483 1762 magistratui
506 1698 588 1764 patrio
608 1697 700 1750 bonosi
716 1715 767 1751 non
781 1703 877 1768 exiguo
889 1705 971 1756 ducen

162 1781 226 1832 duan
244 1794 312 1842 esse,
328 1777 397 1846 quod
417 1793 535 1830 cessares
555 1781 678 1846 mejestas
704 1785 732 1832 iu
759 1787 819 1851 ipso
846 1787 987 1854 privilegio

161 1863 342 1933 depraedicet:
364 1860 677 1934 Darssieeinenjeden,
699 1879 731 1915 so
757 1865 807 1916 dur
830 1867 914 1919 Ileclit
937 1871 987 1937 bey

164 1948 249 2000 iisnen
259 1944 542 2018 geruulttfirderla'cb
555 1946 773 2014 teudgaeuurttet·
779 1953 982 2020 Recbterpelaen

162 2033 265 2096 lescen,
278 2033 337 2085 und
345 2031 513 2085 miscendis‘clt
527 2031 693 2083 nt'entunden
706 2034 742 2084 ine
759 2033 876 2088 uectem
890 2035 983 2088 tuet-

163 2129 244 2172 tuerer
256 2117 350 2172 bohen.
370 2115 438 2168 Illud
456 2117 528 2167 cuim
548 2113 633 2169 dieiui
650 2115 776 2170 Numinis
790 2122 910 2172 mandato
921 2137 982 2172 eon·

163 2201 244 2269 fleuit,
262 2211 339 2269 atque
358 2201 467 2275 tunicum
494 2211 534 2251 est
558 2197 669 2252 lulcrum
696 2199 858 2269 reipublicae
882 2219 984 2256 conser-

162 2285 268 2350 vandae,
280 2289 335 2338 imo
348 2296 374 2337 et
387 2275 565 2338 lectissimum
580 2286 750 2353 magistratus
763 2288 834 2352 juxte
847 2299 872 2340 et
884 2289 980 2342 cisium

162 2374 269 2424 enimus
288 2370 402 2422 invicem
422 2368 601 2437 conjungendi
622 2367 756 2433 medium,
774 2385 804 2420 ec
822 2371 851 2422 in
871 2371 984 2440 imperio

162 2453 278 2523 denique
295 2453 426 2522 insignem
442 2451 628 2522 imperatorius
642 2452 788 2517 mejestatis
799 2453 910 2518 gretiam
925 2469 982 2522 pro·

162 2551 283 2593 meretur.
303 2537 351 2588 ille
368 2539 468 2608 quippe
490 2550 523 2591 es
544 2552 573 2588 ee
597 2551 681 2587 ceute
701 2535 867 2603 magistratui
894 2549 985 2589 nostro

161 2624 213 2678 boc
230 2622 361 2676 concessit
379 2623 560 2693 privilegium,
579 2622 660 2688 toque
678 2617 763 2685 ipsine
777 2617 900 2672 bonorem
913 2635 984 2671 enm·

162 2724 232 2764 susm
252 2708 317 2761 setis
335 2707 451 2776 emplum
469 2704 557 2756 eldern
576 2701 703 2764 inseruit,
730 2699 851 2770 illudque
878 2704 982 2754 taudem

162 2804 256 2847 contre
274 2806 453 2861 quoscumque
471 2789 609 2842 eioletores
626 2787 727 2854 poeneli
743 2786 857 2841 munieit
873 2789 984 2840 sanctio-

161 2895 206 2941 ne,
223 2893 282 2928 cum
303 2876 374 2927 nulla
392 2873 531 2945 prieilegie
555 2869 694 2940 quinquen
722 2869 840 2935 raleent,
864 2874 892 2923 ni
925 2871 985 2925 elle·

160 2971 233 3014 ctum
252 2957 406 3025 sortiantur,
430 2967 459 3011 et
491 2953 671 3026 privilegiatus
702 2951 737 3004 iis
767 2963 920 3008 constanter
946 2959 982 3010 uti

200 3046 258 3097 rsit.

163 3063 323 3183 11021120.
353 3127 426 3180 Eine
449 3139 552 3196 quoque
576 3131 692 3176 nostrum
724 3119 893 3191 privilegium
924 3140 983 3178 cum

163 3215 288 3268 omnibns
305 3214 368 3267 aliie
385 3232 399 3265 e
419 3228 442 3264 s.
460 3228 482 3260 c.
502 3208 638 3275 majestate
657 3207 789 3259 mouente
807 3206 834 3256 id
846 3225 985 3262 commone

163 3301 252 3366 senet,
271 3310 301 3352 ut
320 3303 379 3368 ipse
398 3302 550 3366 imperetur,
569 3291 771 3360 necquicquam
790 3293 866 3357 altus,
880 3294 901 3346 si
916 3297 984 3350 circs

168 3385 247 3450 buius
265 3385 304 3436 rel
325 3380 582 3451 interpretationem.
600 3377 640 3430 rel
660 3375 870 3436 declarationem.
889 3379 927 3431 rel
947 3396 986 3431 ea·

162 3469 295 3523 liditatena
315 3465 510 3521 controuersiae
528 3463 658 3522 orientur,
676 3459 709 3510 dc
726 3461 761 3512 lis
778 3460 873 3527 judicet
897 3474 921 3517 ct
939 3482 982 3516 cc-

164 3567 280 3623 gnoscat.
298 3556 335 3608 lte
353 3555 426 3606 enim
446 3568 498 3603 non
516 3549 599 3600 solum
618 3545 646 3596 ll.
668 3545 867 3612 interpretetur,
886 3547 931 3616 qni
943 3566 985 3601 ees

163 3639 293 3702 condidit,
313 3638 331 3690 l.
348 3637 393 3691 12.
406 3654 429 3688 e.
446 3635 479 3688 de
498 3633 526 3684 ll.
544 3642 570 3685 et
587 3637 675 3682 corrrt.
698 3629 865 3698 principum,
891 3632 935 3683 sed
961 3644 986 3688 et

164 3722 334 3792 privilegium
354 3721 399 3790 qni
421 3717 447 3769 id
467 3715 615 3770 concessit.
639 3717 681 3785 (α)
698 3713 751 3765 Ubi
771 3716 881 3768 neruda
905 3719 985 3784 prini-

164 3805 227 3874 legii
247 3806 390 3858 uiolatione
407 3801 599 3855 controuersiae
625 3810 797 3862 moveantur,
822 3815 874 3851 non
901 3801 985 3856 solum

164 3891 310 3959 imperator
329 3905 375 3960 per
393 3887 523 3956 judicium
542 3885 666 3950 aulicum,
683 3880 730 3954 (β)
750 3885 794 3939 sed
822 3895 845 3937 et
864 3887 986 3949 imperie-

165 3977 217 4028 lem
235 3991 366 4027 censerem
386 3971 531 4041 cognoscit,
550 3981 576 4022 ut
594 3969 658 4020 adeo
677 3981 753 4038 prout
771 3971 879 4038 elegerit
898 3983 986 4038 actor,

166 4060 196 4111 in
214 4061 341 4112 alterutro
367 4058 416 4108 boc
445 4055 569 4124 jndicio,
594 4065 703 4123 propter
729 4066 930 4106 concurrentem
961 4068 986 4109 et

169 4153 336 4212 praesentem
357 4139 586 4207 iurisdictionem,
605 4137 708 4188 ratione
726 4155 823 4202 poenae
848 4139 987 4208 priuilegio

169 4227 294 4287 insertae,
312 4225 412 4275 ibidem
426 4221 476 4289 agi,
490 4230 516 4271 et
530 4219 620 4270 citatio
633 4219 737 4270 decerni
751 4221 843 4288 possit.

204 4311 243 4374 (a)
261 4308 403 4376 Lymtsneus
421 4303 457 4355 nd
468 4321 528 4368 cup.
541 4302 676 4354 Mottirioe
689 4313 738 4354 nrt.
752 4303 796 4354 23.
810 4319 832 4354 ι.
851 4320 906 4356 vor
929 4306 975 4358 nec

259 4386 347 4444 errand
356 4389 462 4441 undere.
479 4385 607 4438 llloclrius
619 4385 651 4438 de
663 4396 749 4438 constr.
761 4403 784 4438 c.
803 4387 847 4440 20.
874 4409 901 4442 u.
925 4388 985 4443 117,

259 4492 314 4543 req.
327 4473 378 4522 Du.
393 4469 514 4538 Stryltius
533 4471 628 4536 disput.
640 4469 673 4520 de
686 4468 891 4537 privilegiorum
903 4472 985 4527 inter·

257 4554 410 4626 pretatione
423 4570 446 4604 c.
460 4553 485 4604 2.
497 4572 568 4623 quoe
581 4563 618 4604 est
641 4554 698 4604 vol.
713 4551 737 4602 l·
758 4553 855 4622 disput.
873 4557 917 4609 23.
941 4554 985 4628 (β)

257 4639 447 4693 Ufl'eubecb.e.
465 4636 506 4686 10.
519 4655 544 4698 p.
563 4653 598 4686 m.
617 4636 676 4686 103.
696 4632 739 4703 (γ)
758 4633 845 4688 Blnm.
872 4658 893 4692 c.
912 4653 945 4694 tr.
965 4657 985 4696 r.

260 4725 306 4776 39.
320 4742 349 4775 ιι.
363 4725 387 4772 l.
398 4719 524 4788 Lyncler.
538 4717 604 4787 disp.
618 4720 651 4772 de
662 4721 829 4794 canopicum.
851 4731 985 4782 camerate

248 4808 386 4880 snrtdttnl.
397 4826 419 4860 c.
433 4807 459 4858 2.
470 4806 505 4856 tit.
517 4804 542 4856 li.

207 4895 259 4948 Th.
279 4895 322 4945 29.
342 4891 481 4960 supplicae
500 4897 585 4939 entem
607 4885 712 4939 rubrum
731 4887 767 4940 ite
799 4889 908 4948 lorsitsn
932 4897 982 4950 ior-

169 4982 294 5035 tuebitur.
317 4977 537 5043 Untertltiiut'gste
549 4972 671 5040 supplico
683 4989 733 5037 pro
747 4975 877 5030 citatione
889 4981 927 5032 nd
939 4985 982 5034 ui·

169 5069 287 5120 tiendum
300 5081 329 5116 se
340 5063 463 5116 incidisse
474 5061 503 5112 in
516 5075 622 5124 nocuus
637 5073 764 5112 ceteroreo
784 5061 929 5129 priutiegio
941 5065 980 5117 ιἰιΔ

168 5165 263 5212 sertus,
274 5167 354 5218 reque
367 5150 395 5200 in
409 5164 454 5199 ens
467 5143 653 5205 condemnari,
666 5144 818 5196 Annulden
840 5143 889 5198 der
912 5147 984 5218 Roy-

1035 1703 1059 1745 et
1080 1695 1191 1749 derorum
1214 1703 1322 1766 testium
1354 1703 1391 1770 (ε)
1421 1703 1561 1764 uiolaturi,
1588 1717 1649 1754 ente
1676 1709 1851 1771 perpetrentur

1035 1772 1203 1832 riolstionem
1224 1784 1391 1851 priuilegium
1411 1787 1532 1856 legitime
1549 1786 1713 1837 insinuatum
1733 1787 1790 1848 sit,
1804 1781 1856 1853 (ζ)

1036 1857 1076 1909 sel
1096 1873 1155 1927 post
1173 1865 1340 1922 violationem
1360 1871 1446 1923 statim
1466 1871 1632 1935 insinnetur,
1651 1866 1691 1935 (η)
1709 1879 1737 1923 ιι
1753 1867 1786 1920 ele
1805 1871 1854 1922 beo

1036 1941 1218 2001 insinuatione
1236 1950 1266 2002 in
1284 1955 1405 2022 supplice
1425 1969 1548 2025 expresse
1566 1958 1666 2008 mentio
1677 1952 1810 2020 liat,alies
1824 1955 1861 2015 in

1035 2035 1143 2096 utroque
1161 2034 1292 2102 superiori
1309 2037 1410 2104 jndicio
1436 2056 1574 2108 processus
1602 2041 1784 2109 denegantur.
1814 2030 1852 2110 (0)

1035 2110 1158 2180 Denique
1175 2117 1324 2185 requirunt,
1342 2120 1495 2174 eioletorem
1510 2122 1578 2176 benc
1593 2124 1708 2176 caesarei
1721 2123 1856 2192 privilegii

1034 2197 1203 2254 eioletionem
1224 2220 1256 2256 ex
1276 2207 1412 2276 proposito
1436 2220 1464 2259 et
1489 2207 1549 2261 dolo
1577 2207 1729 2278 perfecisse.
1749 2211 1798 2284 (ι)
1820 2213 1841 2264 11

1034 2280 1141 2351 indque,
1160 2287 1200 2338 nti
1219 2289 1390 2358 priuilegium
1410 2301 1531 2344 nostrum
1552 2295 1666 2361 requirit
1678 2293 1773 2348 rerbis:
1791 2299 1857 2351 Und

1034 2380 1064 2418 sc
1084 2365 1138 2435 effe
1155 2373 1363 2440 erfrenentlicii
1380 2374 1523 2429 ltiertniIer
1539 2377 1629 2440 tirute,
1653 2377 1690 2428 ita
1717 2379 1796 2432 etiam
1824 2384 1853 2435 in

1034 2455 1153 2520 supplica
1173 2473 1221 2524 pro
1239 2460 1366 2512 citatione
1383 2461 1518 2529 speciatim
1539 2461 1639 2512 narrari
1659 2459 1752 2526 debet,
1775 2465 1856 2518 sinle-

1037 2534 1134 2588 tionem
1154 2555 1211 2592 esse
1229 2553 1404 2609 perpetratem
1424 2553 1516 2596 contra
1534 2543 1667 2612 privilegii
1688 2547 1810 2600 notitiem
1822 2567 1856 2603 ex

1034 2619 1170 2686 proposito
1188 2632 1214 2676 et
1233 2623 1310 2688 dolo,
1329 2625 1427 2692 quiex
1445 2640 1477 2677 eo
1493 2624 1618 2678 elucescit
1639 2628 1741 2694 magis,
1761 2631 1783 2683 ei
1803 2635 1856 2686 rio·

1035 2701 1103 2754 letor
1131 2716 1191 2772 post
1222 2707 1384 2760 insincerum
1411 2709 1580 2776 privilegium
1608 2709 1775 2766 riolationcm
1801 2733 1854 2770 noo

1034 2786 1116 2838 solum
1134 2806 1186 2839 uon
1201 2802 1312 2857 reuocat,
1325 2791 1370 2845 eetl
1384 2809 1439 2844 eam
1453 2791 1540 2845 adbuc
1552 2803 1635 2845 retem
1656 2793 1735 2848 babet
1758 2808 1784 2850 et
1808 2819 1855 2870 ep·

1034 2870 1184 2940 probet.(tt)

1068 2958 1113 3028 (ts)
1132 2959 1244 3028 unttng.
1264 2959 1355 3012 Mons.
1376 2961 1456 3012 VIII.
1481 2959 1519 3010 nd
1538 2977 1568 3027 p.
1592 2977 1660 3014 cunr.
1683 2963 1783 3036 infin.
1808 2961 1849 3037 (β)

1124 3040 1212 3094 utun.
1226 3054 1245 3096 t.
1260 3043 1302 3093 39.
1316 3063 1341 3096 n.
1356 3045 1380 3094 7.
1394 3043 1440 3112 (γ)
1458 3042 1613 3096 berenbach.
1626 3062 1649 3096 c.
1662 3047 1706 3098 10.
1716 3065 1742 3117 p.
1753 3069 1787 3104 ιιι.
1800 3048 1852 3104 101

1121 3114 1169 3192 (δ)
1188 3124 1294 3179 Gellius
1306 3127 1323 3177 I.
1339 3129 1365 3177 1.
1377 3127 1433 3177 ultr.
1450 3130 1474 3176 1.
1493 3145 1513 3177 ιι
1538 3125 1579 3177 12.
1594 3125 1632 3196 (ε)
1651 3129 1688 3180 10.
1700 3147 1724 3184 c.
1737 3132 1755 3180 I.
1767 3151 1794 3185 ιι.
1810 3134 1853 3184 13.

1126 3211 1169 3282 (ζ)
1188 3211 1275 3265 ΒΙιιιιι.
1288 3230 1310 3264 c.
1324 3223 1342 3263 t.
1355 3229 1429 3264 num.
1450 3210 1474 3263 1.
1488 3211 1558 3263 bles.
1571 3231 1597 3278 p.
1613 3216 1638 3266 3.
1650 3216 1705 3268 dec.
1726 3217 1786 3268 109.
1812 3221 1854 3288 ιη)

1128 3295 1216 3358 Blum.
1233 3317 1256 3350 c.
1269 3309 1287 3350 t.
1299 3316 1327 3349 ιι.
1341 3296 1365 3347 li.
1379 3287 1416 3361 ,b)
1434 3296 1549 3364 Roding.
1568 3297 1587 3346 l.
1602 3301 1626 3348 1.
1644 3311 1663 3351 r.
1677 3301 1719 3350 10.
1741 3321 1814 3358 ιιιιιιι,
1828 3308 1853 3358 li.

1123 3378 1281 3432 Ulleobacb.
1293 3397 1315 3432 c.
1332 3382 1412 3448 top.
1428 3399 1461 3432 m.
1483 3382 1545 3433 tot.
1564 3383 1609 3450 (t)
1629 3381 1716 3436 Blutn.
1734 3405 1756 3440 e.
1779 3398 1797 3437 r.
1809 3389 1854 3442 39.

1124 3481 1152 3515 ιι.
1173 3465 1214 3515 10.
1234 3463 1361 3534 Lynclter.
1373 3466 1514 3536 cunr.1'nd.
1528 3465 1688 3536 confond·
1700 3485 1725 3522 c.
1737 3469 1763 3524 2.
1775 3471 1813 3523 tle.
1825 3471 1850 3524 tt.

1127 3547 1169 3621 (te)
1187 3547 1275 3602 illum.
1285 3566 1327 3620 pr.
1339 3567 1409 3604 cnm.
1424 3561 1442 3600 t.
1458 3551 1501 3602 39.
1514 3569 1541 3604 ιι.
1556 3553 1580 3602 5.
1716 3553 1718 3560 ⁴

1072 3631 1122 3685 Tb.
1143 3635 1187 3684 31.
1208 3635 1294 3700 Atque
1319 3633 1355 3685 ita
1381 3634 1487 3686 demum
1516 3635 1681 3703 magistratus
1705 3635 1853 3692 lubecensis

1036 3715 1134 3768 dictam
1154 3717 1318 3778 citationem,
1336 3727 1428 3768 contre
1448 3717 1555 3784 imperii
1573 3735 1749 3788 quoscumque
1766 3723 1851 3787 circs,

1037 3817 1185 3852 caesareum
1206 3800 1378 3867 privilegium
1398 3801 1535 3864 violentes,
1557 3803 1585 3852 in
1605 3808 1717 3855 summis
1742 3807 1850 3875 imperii

1039 3883 1215 3936 tribunalibus
1234 3897 1311 3952 prout
1329 3885 1438 3951 etegerit
1456 3887 1609 3954 impetrare,
1629 3889 1719 3956 ibique
1742 3892 1773 3942 sd
1787 3910 1849 3960 pue·

1038 3984 1085 4018 nes
1104 3967 1244 4035 priuilegio
1259 3968 1372 4020 insertas
1387 3970 1536 4024 rectissime
1548 3987 1624 4040 agere
1637 3985 1728 4040 potest.
1742 3978 1851 4047 Duplici

1035 4061 1120 4100 autem
1140 4067 1222 4117 poene
1243 4059 1360 4102 nostrum
1379 4054 1564 4122 appellationis
1584 4059 1749 4126 priuilegium
1764 4065 1851 4115 muni·

1038 4142 1092 4183 tum
1113 4145 1161 4193 est,
1179 4149 1286 4198 querum
1306 4135 1386 4187 altera
1405 4146 1444 4186 est
1461 4137 1506 4188 dea
1523 4137 1640 4206 Kaysers
1657 4143 1715 4194 und
1731 4145 1777 4196 des
1791 4149 1850 4198 Itei·

1035 4219 1096 4269 ebes
1113 4215 1226 4269 subruere
1249 4215 1383 4284 Ungeuud
1399 4218 1455 4272 tanei
1470 4219 1584 4287 Strnffl,
1611 4224 1678 4290 quud
1704 4242 1736 4276 ex
1763 4242 1850 4282 mente

1037 4300 1137 4352 litu-ii
1158 4300 1203 4372 (α)
1222 4299 1290 4350 idem
1310 4311 1361 4362 est,
1379 4315 1409 4350 ac
1426 4303 1448 4352 si
1468 4320 1585 4355 caesores
1604 4309 1725 4374 majestas
1744 4310 1850 4364 eioleto-

1037 4385 1110 4434 ribns
1129 4400 1201 4435 suam
1220 4395 1245 4434 et
1265 4383 1371 4450 imperii
1395 4386 1507 4449 gretiem
1533 4387 1658 4456 deneget,
1684 4409 1777 4463 cosqm
1803 4415 1851 4464 pro

1037 4469 1156 4519 hostibus
1176 4467 1282 4536 imperii
1303 4465 1390 4530 babet,
1404 4478 1429 4519 et
1449 4471 1497 4521 beu
1516 4487 1596 4538 ροιιιι
1612 4491 1716 4527 omnem
1737 4480 1770 4530 iis
1790 4497 1849 4548 pro.

1036 4551 1176 4604 tectionem
1196 4565 1221 4603 et
1239 4550 1306 4616 juris
1326 4548 1425 4617 queritur
1449 4567 1477 4601 ee
1502 4551 1619 4618 justitiue
1640 4557 1848 4615 administratio·

1036 4631 1304 4702 condempnandos
1331 4634 1516 4700 imperatorem
1543 4652 1651 4704 pueram
1678 4643 1848 4698 uiolatoribus

1036 4721 1147 4770 caesarei
1168 4716 1302 4786 privilegii
1321 4733 1425 4784 graeem
1438 4719 1676 4775 extraordinariam
1695 4737 1720 4778 et
1738 4729 1848 4783 arbitre-

1036 4801 1101 4852 riena
1122 4801 1307 4870 imponendam
1327 4801 1380 4852 sibi
1410 4818 1555 4856 reserresse
1572 4809 1776 4872 contendimus,
1801 4812 1848 4866 sed

1035 4895 1076 4940 eia
1096 4899 1143 4950 est,
1163 4901 1190 4938 nt
1210 4888 1241 4938 ad
1263 4889 1378 4940 bennum
1398 4904 1487 4957 usqne,
1505 4905 1559 4942 nou
1572 4891 1701 4956 requisito
1721 4895 1849 4963 inprimis

1034 4994 1080 5026 uec
1091 4973 1268 5024 consentiente
1282 4973 1409 5025 electoralt
1431 4973 1561 5042 collegio,
1587 4972 1641 5028 siel.
1663 4992 1718 5044 cap.
1737 4980 1847 5050 ioseph.

1033 5070 1083 5113 art.
1096 5057 1139 5107 29.
1152 5057 1287 5125 pertenire
1301 5056 1393 5124 possit.

1119 5143 1164 5212 (a,
1189 5145 1264 5195 Proc.
1277 5161 1344 5195 ceto.
1355 5153 1377 5190 t.
1386 5141 1428 5193 29.
1441 5160 1468 5194 ιι.
1479 5140 1541 5196 101.

168 5235 228 5288 seri.
248 5233 355 5302 Freyen
371 5234 427 5284 und
441 5231 484 5280 des
496 5225 567 5280 Heil.
583 5229 662 5278 Rom.
678 5227 775 5278 Reicies
788 5229 863 5280 stadt
876 5232 983 5283 Luteci:
1068 5229 1118 5282 Tb.
1138 5229 1181 5280 32.
1202 5227 1287 5281 Altera
1307 5245 1387 5296 poene
1406 5243 1482 5294 qnam
1502 5227 1647 5295 imperator
1664 5229 1691 5280 io
1711 5229 1846 5300 prisilepii

167 5317 331 5372 eotrtruelen
349 5313 581 5382 Wolrlgeboltrneu
596 5311 723 5373 Fortun,
742 5311 864 5380 διῄει,
888 5317 980 5368 Hercu
1034 5313 1113 5364 nostri
1134 5326 1337 5378 transgressores
1355 5310 1457 5371 statuit,
1476 5319 1516 5360 est
1535 5327 1615 5378 poetic
1634 5312 1677 5364 00.
1698 5330 1844 5368 marcarum

169 5406 203 5456 Ν.
218 5403 252 5453 N.
265 5402 331 5452 oder
345 5398 466 5467 Knyred.
479 5395 587 5463 Freyett
602 5393 695 5445 lleicIts
709 5397 788 5446 Stude
801 5397 874 5449 uu.
890 5397 982 5450 Cuntra
1033 5399 1089 5448 nuri
1111 5398 1178 5465 puri,
1198 5393 1371 5450 metetuttntt
1385 5397 1414 5443 in
1434 5390 1483 5444 der
1509 5395 1699 5462 Kayserliclren
1722 5397 1780 5450 und
1802 5403 1847 5452 des

168 5486 239 5537 enim
260 5498 435 5550 quoscumque
453 5479 558 5546 imperii
580 5475 619 5526 nel
641 5479 768 5528 mediatos
787 5481 826 5531 rel
845 5483 969 5534 immedia
1035 5482 1129 5534 Reicies
1144 5481 1280 5538 Censetur,
1294 5478 1357 5530 tots
1379 5475 1443 5530 oder
1456 5474 1507 5529 den
1525 5479 1670 5546 Ilngistrut
1688 5499 1721 5534 eu
1742 5481 1849 5534 Lttteck

169 5579 208 5620 tos
228 5567 289 5618 baec
307 5565 395 5618 cunio
414 5566 463 5632 peti
483 5573 575 5631 potest.
593 5558 640 5628 (οι)
660 5559 689 5609 ld
709 5562 776 5628 qttusl
798 5564 854 5631 ipse
873 5565 982 5632 inspers-
1032 5585 1061 5618 uu
1076 5563 1200 5616 beandien
1215 5560 1351 5629 uersullen
1364 5559 1502 5629 reynrell.
1515 5561 1599 5612 Poene
1617 5563 1689 5613 enim
1702 5565 1850 5630 privilegiis

173 5661 212 5703 tor
234 5647 387 5720 liudulphus
405 5647 430 5701 u.
444 5664 480 5700 m.
493 5649 521 5700 in
536 5646 593 5718 ipso
606 5648 748 5718 priuilegio
761 5647 823 5702 setis
838 5655 980 5719 expressit:
1039 5650 1147 5716 ineerta,
1167 5664 1212 5721 uto
1232 5645 1342 5704 dimidie
1361 5655 1436 5718 perte
1448 5638 1595 5704 ceditfiseo
1613 5663 1747 5714 caesareo,
1766 5647 1806 5702 rel
1819 5646 1849 5698 iu
