4442 6158
375 293 429 351 700
905 293 1096 355 ntorum·
1107 297 1213 357 XXlll.
1230 296 1350 359 CAPUT
1366 301 1389 357 l.-
1416 307 1422 314 '
1885 299 1942 359 '11⁰

325 389 500 488 cuiquam
522 397 724 488 perspecta·
743 410 818 463 esse
846 386 962 482 volat,
996 395 1059 491 qui
1093 397 1268 495 originem
1310 403 1385 502 ejus
1418 396 1584 496 ignorat.'
1615 397 1698 474 Non
1740 405 1865 474 tamen
1906 416 1990 474 eam

329 491 418 566 adeo
449 489 700 603 superstitione
734 489 830 581 colo,
855 494 957 589 quasi
991 493 1030 564 id
1059 493 1179 570 solum
1213 520 1382 594 venerer,
1409 499 1507 598 quod
1539 501 1731 598 antiquum
1756 499 1831 589 est,
1861 510 1897 576 et
1922 499 1990 572 boc

328 595 370 666 iu
393 611 481 663 aero
506 589 676 664 utalitatis
701 614 744 662 ex
772 613 846 683 ers3
873 616 943 665 non
976 594 1076 684 enim
1110 606 1185 668 tam
1219 597 1343 671 effoeta
1377 601 1414 670 et
1445 597 1536 672 lassa
1571 613 1699 671 natura
1728 621 1824 672 nunc
1850 609 1925 688 eat,
1949 610 1991 670 ut

329 687 424 766 uilril
458 687 612 789 amplius
641 615 822 764 laudabile
855 693 992 788 pariat,
1027 692 1092 766 sed
1124 702 1370 794 praesentium
1405 723 1527 770 rerum
1562 700 1752 770 scientiam
1784 699 1863 771 siue
1898 699 1992 770 onti-

328 793 478 890 quitatis
505 789 563 860 vel
591 789 740 886 originis
774 793 946 862 memoria
983 815 1055 864 non
1086 818 1161 868 esse
1196 796 1359 873 solidam.
1395 797 1622 870 Justinianus
1647 821 1785 887 caesar,
1810 797 1869 868 cui
1895 795 1992 868 iuter

328 891 475 967 Romuli
509 901 675 990 nepotes,
701 903 742 963 nt
775 895 849 990 ipse
884 889 1039 982 latetur,
1065 895 1152 992 juris
1184 908 1302 969 artem
1333 897 1438 970 unice
1467 895 1660 987 debemus,
1686 909 1726 968 ιιι
1759 894 2006 994 antiquitatis

328 992 425 1068 nibil
458 996 497 1064 in
530 991 649 1088 legum
682 995 884 1087 cognitione
918 991 1124 1088 ignoretur,
1159 1018 1233 1066 non
1270 996 1385 1069 semel
1418 995 1596 1086 inculcat3
1630 995 1676 1068 ab
1710 995 1871 1094 antiquis
1904 993 1990 1066 licet

328 1092 461 1167 fabulis
494 1091 586 1163 nolit
620 1091 852 1188 prudentiam
888 1095 976 1191 juris
1008 1091 1166 1184 addisci,
1192 1094 1254 1169 sed
1287 1097 1378 1195 quid
1414 1099 1451 1168 iu
1488 1099 1573 1196 ipsis
1602 1119 1721 1167 rerum
1748 1091 1909 1166 obtineat
1934 1117 1992 1165 ar·

328 1192 512 1364 gamantia
546 1195 707 1278 novisse,
740 1187 923 1263 consultae
953 1191 1103 1264 demum
1144 1197 1231 1289 juris
1266 1195 1515 1295 philosophiae
1543 1219 1618 1266 esse
1658 1206 1803 1268 statuat.
1841 1194 1890 1265 Et
1923 1181 1993 1266 usn

343 1294 397 1366 ori
428 1316 498 1362 non
533 1314 614 1359 raro
647 1291 775 1380 venit,
806 1290 889 1360 lites
919 1290 1112 1364 commode
1144 1295 1294 1366 definire
1330 1296 1427 1368 haud
1454 1319 1572 1395 posse,
1606 1294 1638 1366 ιι
1671 1317 1794 1364 rerum
1826 1294 1866 1362 in
1907 1313 1992 1364 cou-

329 1387 543 1466 troversiam
579 1401 787 1458 vocatarum
825 1390 1010 1484 ignoretur
1042 1392 1139 1486 origo
1169 1395 1226 1465 vel
1255 1397 1401 1494 antiqua
1437 1395 1624 1466 memoria.
1656 1390 1702 1461 ln
1736 1389 1897 1489 exempla
1931 1413 1991 1461 sx-

327 1511 471 1566 currere
506 1483 713 1586 praefameu
747 1485 813 1556 boc
849 1508 921 1556 non
956 1486 1062 1575 sinit,
1095 1501 1132 1556 et
1165 1495 1295 1587 cuique
1323 1496 1360 1564 in
1393 1491 1539 1590 publicu
1568 1489 1726 1566 versanti
1753 1488 1880 1563 eadem
1904 1501 1990 1561 sunt

328 1591 446 1666 obvia.
474 1586 599 1658 Testes
624 1591 708 1658 sunt
733 1581 917 1672 limitum,
942 1585 1192 1676 dominorum,
1217 1588 1528 1687 jurisdictionum,
1549 1591 1790 1689 pensionum,
1814 1613 1992 1662 censuum

329 1689 520 1775 materiae,
543 1711 655 1786 qnam
688 1687 792 1784 saepe
826 1682 982 1756 solorum
1022 1688 1259 1761 terminorum
1294 1689 1496 1790 aliquorum
1523 1713 1597 1762 uon
1633 1687 1704 1764 lida
1742 1689 1915 1762 memoria
1950 1690 1992 1762 ιιι

329 1784 539 1867 decidendis
572 1785 696 1861 litibus
730 1786 849 1884 pariat
878 1781 1150 1858 difficultatem.

379 1886 671 1962 Condonandum
705 1879 854 1984 quidem
886 1885 1076 1956 communi
1109 1896 1252 1959 nostrae
1279 1889 1389 1962 matri
1407 1889 1628 1961 Germaniae
1653 1899 1724 1978 est,
1749 1886 1845 1987 qnod
1871 1889 1910 1959 in
1936 1887 1994 1959 in·

327 1987 538 2088 vestigando
574 2010 696 2060 rerum
733 1985 886 2082 origines
914 1995 950 2054 et
975 1984 1215 2083 antiqnitates
1240 1985 1385 2060 haerere
1420 2011 1521 2088 saepe
1557 2004 1721 2086 cogatur,
1746 2001 1781 2060 et
1806 1984 1930 2077 fateri,
1955 2011 1993 2060 se

329 2117 402 2166 esse
436 2087 603 2180 dubiam,
631 2083 829 2160 nonnullos
860 2082 971 2155 etiarn
1001 2087 1194 2157 civitatum
1226 2111 1374 2159 suarum
1407 2111 1480 2162 nou
1510 2088 1707 2159 incuriosos
1740 2111 1805 2186 pro
1837 2085 1995 2160 historiis

321 2191 472 2267 'fabulas
505 2191 696 2286 agnovisse
728 2197 765 2256 et
801 2185 1042 2256 transmisisse
1074 2183 1120 2256 ad
1151 2199 1322 2282 posteros.
1362 2189 1464 2281 Quae
1495 2187 1593 2259 enin
1631 2187 1677 2260 de
1711 2185 1854 2260 urbium
1887 2202 1923 2258 et
1953 2187 1995 2259 fi-

331 2298 433 2368 nium
465 2285 686 2360 Germaniae
719 2281 919 2384 originibus
955 2307 995 2356 ac
1029 2283 1311 2380 antiquitatibus
1345 2287 1560 2374 discordiae,
1590 2299 1627 2358 et
1659 2289 1797 2359 ratione
1830 2285 1994 2359 historia.

332 2417 415 2466 rum
449 2386 687 2461 incertitudo:
721 2409 811 2484 quae
845 2382 939 2482 apud
974 2381 1093 2456 solum
1113 2381 1333 2457 Goldastum
1367 2385 1598 2486 expertium
1623 2385 1744 2458 studio
1768 2385 1996 2484 supposititia

332 2507 369 2564 et
397 2489 547 2562 conficta
579 2487 678 2588 pacis
712 2487 748 2558 et
781 2481 871 2558 belli
904 2505 1010 2580 saepe
1045 2486 1286 2556 instrumenta
1311 2509 1353 2558 ac
1381 2484 1641 2561 discordiarum
1668 2489 1739 2556 ndu
1770 2484 1886 2558 facile
1907 2486 1998 2558 adeo

333 2588 576 2666 finiendarum
604 2586 795 2660 materies!
813 2581 1008 2669 ,fatebatur
1039 2584 1073 2655 id
1102 2582 1227 2656 Daniel
1254 2581 1441 2677 baiderus,
1469 2609 1591 2658 rerum
1617 2585 1906 2680 germanicarum
1935 2584 1997 2658 ad·
2056 2655 2059 2660 .

334 2690 484 2764 modum
511 2685 710 2788 peritns'in
736 2678 1030 2756 assistentes:
1057 2683 1120 2755 dic
1145 2685 1223 2754 viar
1247 2683 1410 2783 Dorfflar
1433 2685 1523 2759 oder
1544 2679 1848 2784 Kalisia-Htffifl
1874 2685 1934 2757 85·
1959 2699 1998 2760 et

336 2793 394 2865 86.
425 2787 560 2860 verbis:
579 2786 724 2859 Lindon
753 2784 821 2858 boc
854 2805 1049 2855 commune
1079 2779 1188 2854 habet
1219 2805 1304 2856 cum
1334 2787 1459 2857 multis
1490 2779 1699 2857 civitatibus
1723 2798 1760 2854 et
1785 2786 1865 2856 aliis
1890 2781 1997 2857 rebus

294 2936 298 2946 ·
336 2890 557 2977 innumeris,
593 2899 634 2960 ut
662 2899 784 2960 ortum
817 2907 923 2954 auum
959 2883 1112 2971 nesciat,
1152 2895 1230 2954 orta
1265 2894 1389 2956 tamen
1423 2885 1472 2956 sit
1506 2893 1543 2956 et
1578 2881 1762 2954 manserit.
1798 2883 1869 2955 Sed
1911 2886 2000 2956 iude

334 2989 432 3063 band
457 2983 688 3090 deponendus
725 2981 890 3074 animus,
917 3005 957 3054 ac
983 2984 1012 3053 si
1038 3006 1159 3054 rerum
1189 2987 1477 3078 germanicarum
1510 2980 1665 3076 origines
1697 2981 1900 3080 investigari
1939 2983 1997 3056 vel

336 3101 541 3189 nequeant,
573 3085 631 3161 vel
663 3085 893 3182 investigatio
930 3106 993 3156 nos
1024 3081 1206 3154 dedeceat.
1246 3079 1329 3155 Non
1353 3108 1463 3182 pauca
1488 3093 1591 3170 suut,
1618 3104 1713 3177 quae
1747 3095 2000 3156 nostra-aetas

335 3215 380 3262 ex
413 3185 605 3288 profundis
637 3184 737 3258 relut
770 3182 936 3256 tenebris
965 3187 1083 3272 eruit,
1118 3194 1154 3253 et
1187 3185 1226 3250 in
1256 3181 1470 3258 eruditionis
1503 3179 1635 3255 solidae
1667 3205 1709 3253 uc
1743 3178 1808 3253 lori
1842 3181 1998 3257 salutem

334 3288 496 3390 prodidit
530 3289 735 3360 memoriae.
770 3284 817 3354 In
851 3283 938 3353 haec
972 3281 1182 3378 inspicienti
1208 3278 1355 3354 Orbcde
1379 3307 1440 3356 seu
1470 3277 1622 3356 Olarbur
1646 3279 1895 3375 antiquissima
1921 3305 1999 3379 ger-

337 3391 565 3462 manicarum
599 3388 791 3459 civitatum
826 3384 951 3480 pensio
979 3383 1155 3468 occurrit,
1189 3393 1225 3450 et
1254 3383 1293 3451 in
1320 3381 1477 3456 Marchia
1511 3377 1822 3476 brandenburgica
1857 3405 1899 3455 ac
1933 3383 2001 3456 Po·

335 3491 514 3581 merania,
542 3485 693 3585 aliisque
717 3484 802 3554 iocis
829 3483 1013 3576 hucusque
1038 3477 1244 3552 exsolvendi
1271 3502 1405 3553 cenans.
1431 3485 1530 3577 Quae
1558 3500 1641 3553 vero
1665 3481 1742 3578 ejus
1766 3479 1882 3578 origo,
1906 3507 2000 3581 quae

336 3587 496 3677 indoles,
521 3609 611 3687 quae
646 3588 719 3685 ejus
753 3585 848 3682 jura,
874 3579 1016 3652 solertia
1055 3578 1140 3650 licet
1174 3603 1245 3651 non
1270 3579 1396 3678 exigua
1432 3584 1621 3683 inquirens
1652 3599 1699 3647 ex
1733 3579 1999 3678 antiquitatum

336 3687 585 3762 monumentis
619 3707 720 3781 aegre
754 3696 874 3754 certus
908 3703 982 3750 esse
1006 3680 1122 3775 potui.
1150 3675 1257 3752 Multi
1283 3683 1565 3780 quippeearnm
1597 3675 1997 3776 monumentorum,

335 3785 499 3862 indolem
530 3796 684 3882 tangunt
717 3784 823 3882 pauci
861 3778 917 3854 vel
948 3777 1054 3851 nulli.
1090 3779 1227 3877 Operae
1256 3781 1417 3876 pretium
1450 3783 1576 3884 itaque
1611 3778 1780 3852 futurum
1807 3789 1998 3858 autumari

335 3893 375 3962 in
408 3886 560 3960 modum
594 3881 856 3983 disputationis
892 3879 1120 3951 academicae
1162 3877 1441 3953 conscribendae
1475 3895 1642 3956 naturam
1687 3879 1766 3975 ejus
1807 3879 2000 3956 delineare.

335 3991 478 4088 Anceps
513 3986 665 4086 quidem
713 3981 853 4054 consilii
886 3993 921 4050 et
951 3981 991 4051 iu
1035 3979 1206 4078 propositi
1242 3977 1369 4050 limine
1412 3981 1528 4068 haesi,
1557 3978 1656 4082 qnod
1686 3993 1923 4073 praeeuntem
1959 3986 1999 4056 in

338 4091 509 4179 materia,
544 4111 613 4185 qno
650 4085 786 4157 novisse
819 4081 953 4171 datur,
988 4103 1060 4150 non
1090 4073 1301 4170 habuerim
1335 4081 1421 4154 vicit
1455 4095 1578 4154 tamen
1612 4083 1689 4181 ejus
1722 4077 1780 4149 cui
1816 4077 2000 4182 obtempe-

339 4217 418 4268 rare
451 4190 563 4291 pietas
597 4183 723 4287 jubet,
763 4189 899 4284 jussus,
933 4193 970 4250 et
1003 4181 1043 4249 iu
1079 4179 1262 4275 optimum
1296 4202 1350 4250 ac¹
1387 4177 1604 4256 benevolum
1640 4177 1810 4250 lectorem
1844 4179 1997 4274 fiducia,

339 4295 407 4392 qni
441 4292 530 4364 vitio
560 4306 697 4361 vertere
731 4277 920 4355 uou'solet
955 4280 1080 4377 juveni
1113 4301 1238 4350 verum
1265 4277 1387 4350 sedulo
1414 4281 1635 4379 inquirenti,
1661 4289 1697 4348 et
1721 4298 1792 4371 qno
1817 4283 1999 4380 majorum

339 4397 447 4466 decus
489 4387 635 4485 aliquod
678 4397 713 4456 et
744 4381 883 4456 indoles
918 4392 1049 4450 vocant
1084 4376 1245 4448 modeste
1279 4379 1444 4451 enitenti.
1482 4380 1620 4478 Ingenii
1657 4376 1860 4452 ostentandi
1896 4405 1999 4456 causa

342 4494 402 4566 hic
435 4489 556 4561 nullus
590 4491 719 4577 discor,
753 4505 865 4581 qnam
902 4478 1073 4574 exiguum
1107 4477 1206 4547 enim
1231 4477 1330 4552 istud
1366 4483 1413 4548 sit
1447 4482 1568 4555 metiri
1602 4501 1662 4552 me
1690 4475 1819 4564 didici3
1844 4492 1881 4550 et
1914 4482 2000 4555 inde

341 4595 381 4665 iu
415 4589 563 4662 materia
597 4588 767 4661 intricata
792 4577 990 4652 evolvenda
1028 4579 1058 4649 si
1090 4576 1340 4648 haesitaverim
1368 4575 1520 4670 alicubi,
1548 4583 1689 4654 veniam
1718 4573 1859 4650 facilius
1885 4601 1999 4678 spero.

342 4689 501 4768 Methodi
538 4688 613 4762 loco
648 4699 805 4784 quatuor
834 4681 951 4779 capita
987 4679 1094 4769 sisto,
1121 4679 1226 4775 cujus
1260 4676 1420 4773 primum
1447 4692 1617 4754 naturam
1650 4673 1815 4750 Orbedas
1841 4680 2001 4755 coutine-

345 4791 401 4866 hit
437 4795 475 4862 iu
507 4814 644 4886 genere.
683 4782 893 4859 Secundum
926 4776 1114 4876 aquibus
1145 4773 1288 4849 Orbeda
1322 4777 1524 4875 antiquitus
1556 4793 1593 4850 et
1628 4803 1724 4853 nunc
1755 4773 1925 4850 solvatur.

397 4891 585 4978 Tertium,
609 4886 743 4984 quibus
768 4888 835 4956 ista
858 4876 978 4954 debita
1005 4877 1077 4953 snit
1103 4873 1212 4965 olim,
1237 4887 1274 4946 et
1298 4871 1404 4947 hodie
1430 4877 1644 4954 exsolvatur.
1680 4881 1883 4972 Quartum,
1909 4903 2001 4976 quae

347 4995 426 5093 jura
468 4989 632 5088 ejusdem
673 4988 772 5078 siut,
813 4979 980 5056 referent.
1025 4977 1085 5054 Tu
1128 4976 1224 5051 Deus
1263 4977 1400 5074 optime
1441 4980 1668 5080 propositum
1711 4977 1836 5050 cedere
1878 4977 2000 5078 jubeas

350 5087 517 5163 feliciter!
