4364 6194
439 247 494 301 sor
1019 222 1257 286 naseuntur.
1276 224 1433 281 curura
1942 221 1988 278 aa

390 340 457 412 His
481 340 532 412 ita
558 359 595 410 se
622 325 862 416 habentibus,
888 325 971 425 quis
998 346 1070 395 non
1097 323 1135 393 iu
1162 317 1445 391 admirationem
1470 313 1660 416 rapiatur,
1685 335 1770 388 cnm
1810 325 1882 388 um
1910 331 2024 394 contra·

392 443 464 512 rios
488 452 525 509 et
552 450 626 509 toto
651 433 747 506 coelo
771 457 790 502 a
818 426 996 527 prioribus
1022 423 1197 494 distantes
1226 440 1344 490 mores
1390 415 1500 490 bodie
1544 413 1677 514 ubique
1719 439 1861 514 regnare
1897 417 2025 491 seruati

392 561 531 610 numne
557 536 609 608 illi
639 535 727 606 vitiu
755 545 935 613 vertetur,
960 525 989 596 si
1016 521 1180 610 dubitet,
1207 519 1401 590 modernos
1428 539 1619 614 germanos
1645 540 1666 588 a
1693 513 2027 594 modolendatisroa·

394 635 533 740 juribus
558 635 769 732 sanguinem
798 630 957 714 trabere,
984 619 1042 696 vel
1067 623 1096 692 si
1124 617 1302 706 fateatur,
1327 639 1387 688 eos
1415 615 1506 690 adeo
1531 640 1552 688 a
1578 615 1721 714 proavis
1750 617 1822 687 suis
1851 615 2026 714 degeneras·

394 763 451 826 se,
478 749 518 806 ut
544 759 621 806 rara
650 731 705 806 ael
732 731 857 825 exigua
884 722 1080 797 admodum
1107 719 1285 818 pristinae
1308 717 1560 788 continentiae
1582 718 1729 813 vestigia
1761 714 1889 788 inillis
1913 723 2027 820 mospi-

393 838 546 910 ciantur.
572 833 647 905 Nec
673 828 793 903 solum
820 823 917 924 apud
942 826 1099 922 privatos
1126 819 1213 889 baec
1239 814 1436 914 pudicitiae
1460 813 1573 912 gloria
1599 815 1766 908 everruit,
1790 814 1851 887 sed
1881 829 1916 889 ct
1952 821 2029 896 inrui

396 955 564 1036 personas
590 933 746 1004 illustres
775 925 962 996 multoties
989 921 1188 1006 emarcuit,
1214 918 1290 987 imo
1315 913 1465 987 laudem
1492 913 1567 985 fere
1594 917 1746 1006 meruit,
1763 915 1919 1016 plurium
1935 933 2027 994 atter·

394 1050 486 1106 tasse
512 1032 706 1130 pudorem,
734 1022 866 1124 quibos
895 1037 1015 1094 tamen
1044 1017 1221 1092 castitatis
1245 1011 1450 1087 observatio
1477 1015 1712 1114 praecipuum
1738 1015 1897 1091 debitum
1913 1019 2031 1100 deberet

394 1157 491 1223 esse,
515 1143 551 1203 et
578 1133 616 1202 in
644 1130 810 1225 ingenuis
835 1137 872 1195 et
898 1117 1105 1194 illustribus
1128 1116 1289 1216 personis
1316 1115 1456 1214 spurios
1482 1116 1666 1188 nominari
1691 1114 1928 1218 injuriosum,
1950 1124 2031 1194 satis·

396 1256 468 1328 que
493 1229 661 1303 acerbum
688 1240 725 1300 et
751 1226 883 1297 nostris
910 1216 1134 1319 temporibus
1158 1217 1355 1312 indignum
1387 1211 1542 1313 judicari
1567 1226 1734 1314 oportet,
1774 1241 1840 1290 ceo
1863 1219 2031 1320 imperator

396 1333 623 1406 tustinianus
651 1329 781 1399 merito
807 1324 990 1394 existimat
1032 1323 1058 1390 l.
1094 1318 1132 1389 5.
1166 1338 1199 1388 a.
1240 1315 1292 1386 ad
1326 1327 1395 1386 sct.
1425 1311 1542 1406 orstt:
1572 1311 1734 1387 Debebut
1765 1339 1852 1388 sane
1879 1319 1925 1391 ita
1955 1343 2030 1394 con·

397 1443 565 1532 paratum
600 1451 702 1512 esse,
738 1437 774 1495 et
807 1421 1027 1495 debebamus
1062 1416 1218 1514 virgines
1250 1437 1357 1504 esse,
1393 1425 1501 1510 prout
1527 1409 1592 1485 illa
1628 1413 1797 1486 monialis
1829 1416 1972 1492 candide
1987 1422 2034 1494 ad·

398 1533 551 1604 modum
578 1540 614 1598 et
640 1528 793 1623 ingenue
820 1523 865 1594 de
891 1545 928 1591 se
954 1513 1203 1592 corilitebatnr.
1232 1513 1371 1590 Verum
1397 1515 1427 1582 si
1481 1515 1583 1583 rnxin
1608 1527 1646 1586 et
1670 1513 1921 1612 quotidianum
1938 1542 2034 1594 rernm

398 1653 545 1703 cursum
572 1629 817 1712 attendamus,
845 1633 899 1692 tut
926 1631 1112 1715 tentosque
1140 1627 1247 1686 testes
1273 1613 1407 1686 amoris
1440 1537 1563 1684 ibiciri
1588 1625 1626 1683 et
1650 1611 1832 1687 delibatae
1871 1617 2036 1718 padicitiae

398 1732 543 1830 pignora
572 1723 898 1824 deprehendimus,
923 1733 962 1806 ut
987 1717 1033 1788 dc
1058 1722 1132 1815 ipse
1160 1717 1211 1786 rei
1241 1714 1391 1787 veritate
1419 1710 1517 1782 nulli
1546 1711 1707 1814 emplius
1729 1747 1733 1752 ¹·
1749 1713 1917 1790 dubitare
1952 1721 2037 1819 paui.

399 1851 492 1902 nius.
519 1829 578 1898 En
607 1826 804 1897 illustrium
833 1841 1066 1920 personarum
1093 1816 1253 1916 spurios,
1292 1836 1366 1886 non
1414 1823 1559 1884 tantum
1602 1839 1621 1886 a
1666 1813 1909 1916 principibus,
1940 1818 2037 1891 sedat

400 1932 487 2030 ipsis
512 1925 672 2026 regibus,
698 1923 890 2024 illegitimo
916 1919 1023 1992 modo
1048 1928 1142 1988 satos
1150 1967 1161 2006 ,
1188 1935 1344 2012 qnorum
1371 1933 1570 1986 nnmerum
1595 1915 1659 2014 qui
1684 1914 1779 1987 inire
1802 1931 1982 1991 conaretur

779 2121 916 2194 Icariae
942 2137 1138 2190 numerum
1163 2109 1284 2184 dicere
1311 2093 1423 2186 vellet
1451 2133 1574 2208 aquae.

402 2327 547 2426 Spurius
573 2323 799 2424 privatorum
827 2338 924 2390 nunc
951 2315 1076 2386 missos
1101 2307 1407 2400 l'aeiamumcnm
1435 2307 1582 2384 illorum
1608 2309 1732 2386 crebra
1758 2316 1848 2389 satis
1871 2343 1891 2391 n
1916 2316 2040 2392 doctori·

404 2429 470 2498 bus
497 2425 585 2525 juris
610 2425 682 2492 civ.
709 2421 922 2491 instituatur
974 2413 1204 2498 estractetio,
1230 2421 1266 2480 et
1293 2421 1370 2481 tarn
1400 2407 1637 2484 Benedictus
1653 2413 1714 2486 De
1730 2412 1887 2490 Barziis
1901 2471 1913 2508 ,
1947 2417 2042 2490 Ludo·

404 2530 527 2614 uiuus,
561 2549 583 2593 a
619 2518 773 2606 Sardis,
809 2515 895 2588 Jol.
965 2529 1043 2610 apt.
1080 2507 1472 2608 Lapus‚‘Am0ntus
1507 2511 1555 2582 dc
1585 2512 1911 2615 Rosellt's,quatn
1949 2518 2044 2592 cardi·

407 2631 507 2696 natis
532 2619 687 2694 Gabriel
721 2619 945 2691 Palaeottus
973 2637 1015 2683 err
1041 2609 1197 2711 professo
1223 2610 1269 2678 de
1295 2607 1372 2681 illis
1398 2615 1557 2707 egerint,
1584 2635 1675 2710 qnos
1700 2621 1861 2718 junctim
1887 2621 1928 2689 in
1958 2630 2043 2690 trost.

407 2737 665 2806 tractatuum,
691 2733 727 2790 et
755 2719 953 2789 maximam
982 2729 1121 2812 partem
1149 2713 1191 2780 in
1218 2713 1287 2781 ool.
1314 2711 1351 2779 6.
1378 2723 1416 2780 et
1442 2711 1477 2781 8.
1519 2716 1678 2807 reperire
1726 2715 1823 2789 licet.
1851 2714 2044 2816 Spurioruu
2105 2739 2107 2744 ·

409 2848 492 2896 vero
519 2821 729 2893 illustrium
752 2835 999 2916 personarum
1025 2815 1102 2912 jura
1130 2831 1256 2882 enarres
1282 2807 1353 2878 sere
1381 2810 1437 2881 vel
1465 2810 1598 2882 leviter
1619 2826 1656 2885 et
1683 2811 1927 2914 perfunctorie
1944 2819 2044 2891 salten
2106 2875 2107 2878 ,

409 2932 584 3019 tangunt,
612 2915 668 2990 vel
695 2921 787 2988 sicco
815 2915 920 3014 planu
948 2921 1179 3010 praetereunt
1203 2908 1313 3008 pede,
1339 2933 1425 2983 cnm
1452 2921 1577 2984 tamen
1605 2913 1668 2987 illa
1695 2938 1740 2986 ex
1765 2920 1987 3015 privatorum
2009 2920 2046 3017 iu·
2106 2939 2107 2964 ι

408 3021 508 3092 ribus
535 3043 605 3090 ιιοιι
632 3015 821 3088 commode
847 3013 1029 3084 aestimari
1057 3011 1219 3107 possint,
1245 3031 1363 3105 neque
1389 3008 1435 3081 ab
1462 3008 1535 3081 illis
1561 3009 1608 3082 ad
1636 3015 1699 3086 hos
1716 3039 1779 3116 per
1798 3019 1922 3091 omnia
1943 3032 2047 3090 satra·
2106 3081 2107 3086 ,

409 3120 484 3192 lida
511 3120 653 3190 institui
682 3115 798 3186 illatio
823 3125 949 3210 queat,
975 3135 1016 3181 eo
1042 3109 1138 3206 qnod
1164 3105 1366 3180 illustrium
1393 3114 1606 3208 spuriorum
1634 3115 1754 3186 multo
1781 3122 1900 3219 major
1933 3119 1976 3189 sit
2000 3115 2047 3187 sor·
2105 3119 2107 3172 l

410 3234 498 3292 tuna
516 3232 553 3290 et
570 3215 709 3287 felicior
725 3239 800 3284 sors
826 3235 911 3313 prae
936 3209 1020 3282 illis.
1049 3211 1276 3306 Quapropter
1301 3229 1377 3278 non
1405 3232 1553 3280 omnem
1587 3237 1733 3309 opernm
1777 3229 1814 3286 et
1857 3217 1971 3289 oleum
2007 3237 2049 3285 ms
2105 3243 2107 3276 ι

408 3318 557 3420 perdere
583 3314 777 3387 arbitratus
802 3335 907 3400 sirm,
933 3311 964 3380 si
989 3307 1231 3380 valedicturus
1256 3308 1472 3398 academiis,
1498 3308 1743 3407 disputatione
1756 3315 1916 3411 quadam
1934 3313 2048 3416 publica
2105 3301 2107 3382 ἶ

409 3419 607 3490 illustrium
628 3414 757 3486 horum
797 3413 1009 3512 spuriorum
1045 3409 1292 3481 conditionem
1331 3419 1368 3478 et
1402 3421 1480 3507 jura
1516 3411 1682 3484 evolvere
1715 3413 2049 3506 allaboravero,illo
2106 3401 2107 3482 ἶ

412 3540 569 3614 rumque
594 3537 738 3584 cansam
766 3513 805 3585 iu
840 3510 1038 3611 praesentia
1072 3530 1228 3605 gessero,
1254 3529 1326 3579 non
1353 3520 1394 3580 nt
1419 3507 1541 3580 illiciti
1568 3513 1746 3602 ejusmodi
1771 3537 1977 3613 congressus
1992 3569 2001 3603 ‚
2025 3525 2051 3583 et

413 3631 489 3690 tent
521 3615 674 3685 illustria
703 3611 853 3682 thalami
880 3608 976 3682 forta
1003 3607 1230 3694 colorentur,
1256 3621 1294 3679 et
1316 3605 1517 3704 pallientur
1528 3661 1538 3700 ,
1565 3634 1630 3682 nec
1658 3626 1698 3684 ut
1724 3613 1763 3683 in
1791 3613 1929 3687 firmam
1971 3613 2050 3687 illus

412 3719 529 3788 trium
563 3725 776 3810 parentum,
809 3712 872 3807 qni
905 3710 1057 3779 humani
1087 3708 1146 3779 hie
1183 3707 1378 3804 quicquam
1415 3711 1506 3806 pessi
1533 3723 1646 3803 sunt,
1677 3736 1909 3809 grassamur,
1940 3715 1996 3786 sed
2022 3727 2050 3783 ut

412 3816 518 3887 urtice
553 3809 677 3882 delicti
713 3809 919 3908 expertibus
947 3807 1086 3905 Spuriis
1121 3809 1197 3905 jura
1231 3807 1350 3878 debita
1383 3822 1618 3879 asserantur.
1662 3813 1906 3886 Misericordia
1946 3814 2053 3912 quippe

413 3927 450 3985 et
484 3911 605 3983 favore
640 3911 756 4007 potius
786 3910 886 4006 digni
922 3920 1035 3996 aurit,
1071 3929 1181 4002 quam
1222 3929 1366 4003 poena,
1402 3910 1582 4007 ejusmodi
1617 3909 1825 3983 innocentes
1859 3913 2053 4013 partus,qui

415 4015 504 4086 sitio
539 4009 657 4082 alieno
693 4005 887 4098 laborant,
920 4027 985 4078 nec
1014 4007 1145 4079 auxilia
1181 4009 1271 4104 juris
1307 4006 1382 4077 illis
1415 4007 1646 4106 deneganda,
1682 4013 1756 4083 imo
1791 4037 1858 4084 nec
1894 4013 1979 4087 levis
2007 4032 2054 4081 no·

414 4129 472 4184 tae
508 4106 649 4182 macula
685 4107 867 4198 notandi,
899 4129 1058 4203 quornm
1098 4105 1201 4180 nulla
1237 4106 1375 4206 culpa,
1408 4105 1556 4181 nullum
1592 4108 1701 4207 plane
1739 4111 1945 4186 delictum.
1985 4107 2054 4180 tui·

325 4208 329 4218 “
415 4235 522 4307 gnem
555 4209 648 4281 banc
684 4209 721 4277 in
754 4231 829 4277 rem
866 4219 996 4277 testem
1030 4221 1065 4276 et
1099 4221 1292 4278 strennum
1331 4205 1509 4304 ejusmodi
1544 4209 1703 4306 prolium
1737 4209 1962 4284 defensorem
1995 4233 2055 4308 pro·

419 4312 492 4380 lero
520 4321 691 4380 sanctum
725 4323 864 4404 patrem
900 4318 936 4374 et
971 4309 1071 4377 aurei
1104 4309 1174 4376 oris
1209 4305 1389 4377 doctorem
1425 4303 1765 4406 Chrysostomnm,
1808 4316 1874 4408 qni
1912 4309 2054 4380 Humilia

417 4413 532 4480 tertia
564 4413 605 4476 in
634 4403 875 4478 Mendaeum
903 4404 989 4476 liaec
1024 4405 1195 4477 notabilia
1228 4403 1334 4477 babet
1371 4403 1504 4478 verbus
1539 4431 1742 4508 numquam
1776 4409 1822 4482 de
1858 4413 1960 4483 uitiis
1991 4429 2055 4481 eru·

416 4505 605 4580 beseaoius
626 4523 855 4600 parentum,
888 4505 955 4575 sed
983 4527 1099 4576 uniam
1135 4505 1237 4576 illud
1269 4527 1508 4604 quaeramus,
1532 4521 1570 4579 et
1589 4513 1876 4608 amplectamur,
1901 4514 2054 4584 virtutem

368 4643 371 4654 ν
418 4607 602 4678 uidelicet.
640 4601 728 4675 Non
761 4619 818 4675 est
850 4607 999 4674 omnino
1034 4627 1101 4678 rico
1134 4605 1181 4677 de
1207 4610 1348 4678 uirtute
1376 4627 1443 4680 nec
1476 4607 1523 4680 de
1554 4609 1645 4680 vitio
1673 4623 1875 4710 parentum
1908 4623 1972 4682 out
1995 4611 2057 4678 lau·

418 4707 568 4780 dandus
594 4707 760 4802 aliquis,
777 4719 845 4774 aut
864 4703 1101 4802 culpandus.-
1125 4729 1230 4778 nemo
1247 4705 1336 4777 inde
1370 4731 1452 4780 uere
1477 4705 1656 4780 obscurus
1687 4725 1755 4781 aut
1772 4707 1901 4783 clarus
1919 4721 1980 4782 est:
2002 4711 2056 4776 int

417 4811 531 4878 etiam
569 4807 633 4900 (si
666 4805 849 4900 quiddam
879 4832 901 4876 a
936 4811 1125 4876 communi
1159 4809 1332 4906 opinione
1377 4807 1581 4881 abhorrens
1613 4809 1814 4882 dicendum
1846 4813 1936 4906 est)
1963 4806 2057 4880 nescio

418 4905 597 5002 quomodo
626 4906 692 4973 ille
723 4905 842 4999 magis
878 4907 1117 5000 resplendet,
1151 4911 1219 5004 qui
1252 4929 1306 4978 ea·
1333 4907 1558 5006 parentibus
1591 4935 1615 4982 a
1639 4904 1841 4982 uirtutibus
1869 4927 2056 5010 prorsusa·

421 5006 646 5100 lienis,ipse
665 5017 790 5074 tamen
797 4999 932 5100 fuerit
966 5008 1013 5078 de
1044 5011 1185 5080 virtute
1219 5006 1416 5083 mirabilis.
1447 5009 1596 5084 Relatus
1624 5009 1683 5082 bic
1718 5010 1857 5107 integer
1891 5013 1985 5084 locus
2019 5013 2057 5074 etl

420 5105 459 5172 in
493 5104 550 5201 jus
583 5125 709 5172 cetron.
744 5123 825 5174 can.
862 5107 897 5196 4.
931 5103 1019 5177 dist.
1056 5106 1116 5177 56.
1153 5105 1264 5179 Tanti
1300 5115 1413 5205 petris
1447 5114 1665 5182 anctoritate
1694 5110 1898 5200 indoctus,
1931 5135 1970 5180 eo
2001 5102 2053 5176 ala·

421 5202 518 5272 critis
552 5198 618 5271 boc
648 5199 769 5272 thema
801 5229 982 5298 eggressus
1015 5227 1124 5277 sum.
1164 5205 1277 5306 Cujus
1313 5207 1509 5281 elaboratio
1545 5213 1575 5281 si
1609 5209 1828 5281 desiderium
1874 5225 1910 5280 et
1957 5221 2056 5279 actum

424 5311 528 5369 tuum
556 5299 597 5369 B.
624 5301 665 5370 L.
693 5323 764 5371 raon
790 5305 1006 5400 adimpleat,
1034 5329 1098 5376 nec
1125 5307 1161 5376 in
1189 5303 1357 5379 omatibus
1383 5309 1504 5382 debito
1528 5309 1636 5382 modo
1663 5322 1820 5382 versatus
1845 5305 2056 5401 fuerofisrgu·

424 5399 541 5469 meriti
567 5401 734 5493 gravitati
763 5401 801 5474 id
827 5405 929 5476 facile
952 5403 1193 5495 condonabis,
1220 5411 1353 5507 quippe
1379 5409 1477 5510 qood
1503 5408 1609 5506 longo
1653 5433 1772 5482 rerum
1808 5432 1873 5480 usn
1912 5407 2055 5478 edoctum

425 5499 633 5610 scriptorem
657 5497 838 5598 efflagitat.
857 5503 972 5576 Deum
994 5529 1076 5578 vero
1092 5510 1272 5604 optimum
1292 5511 1491 5583 Maximum
1511 5535 1578 5609 pro
1597 5505 1803 5580 felicissimo
1820 5505 1952 5580 laboris
1966 5523 2057 5576 susce·

427 5613 481 5710 ptr
501 5623 661 5767 sluccmsn
681 5616 715 5673 et
729 5607 1002 5713 coritianatione
1018 5609 1154 5702 gratiae
1172 5631 1254 5682 suae
1273 5609 1472 5686 uberrimae
1502 5607 1654 5712 supplex
1690 5623 1726 5683 et
1761 5605 1937 5682 submisso
1961 5609 2058 5681 anim

428 5721 504 5796 imp
522 5723 590 5769 oro.
