4408 6210
245 247 300 304 tto
732 243 778 296 DE
800 244 1005 299 st‘ttttttttttts
1024 245 1317 302 Cel'l'dllthTllll'M
1770 250 1823 306 ltt

179 345 280 402 rantile
293 360 370 398 come
392 343 508 396 dliicno.
528 341 573 394 tu
592 345 653 394 seris
672 340 716 392 bio
735 341 861 408 specialis
879 357 954 394 cartu
968 352 1007 393 ert
1058 344 1101 394 uia
1120 360 1150 396 eo
1170 343 1227 396 inco
1244 346 1386 415 erigantur,
1406 342 1450 394 ubi
1469 346 1520 411 jam
1540 339 1590 397 alia
1608 343 1734 399 lescieuus
1746 346 1877 406 institutas

183 441 317 502 promotus
336 427 521 497 nauigationis.
539 429 611 493 eujus
630 425 796 476 contendum
817 425 844 476 in
863 443 955 478 omnes
970 427 1007 477 ibi
1057 429 1137 480 ueluti
1159 431 1181 480 si
1201 431 1228 482 iu
1248 434 1298 484 siis
1318 430 1432 496 publicis
1451 430 1489 481 uel
1510 428 1667 482 iltsmiuibeta
1685 430 1876 499 navigabilibus

186 513 339 583 navigantes
357 509 504 572 redundat,
524 511 569 562 ubi
588 511 647 561 sine
671 506 753 562 dubio
782 506 916 560 diuersum
942 509 1008 578 quid
1057 511 1182 575 quaedem
1202 515 1355 582 erigauture
1377 513 1426 566 buo
1445 515 1515 565 enim
1535 513 1646 580 respicit
1673 513 1742 565 ratic
1767 514 1793 566 ci·
1817 531 1878 583 cup.

183 593 432 666 pronunciandum.
450 591 554 644 Deinde
570 593 601 643 iu
619 590 662 644 tali
681 591 800 653 flumine,
818 591 887 660 quod
901 591 1006 644 demum
1058 605 1108 644 ort.
1128 594 1174 644 ct.
1192 595 1224 646 ab
1244 597 1323 647 initio
1342 597 1454 661 adieota:
1475 595 1646 654 Dieuoes'l-die
1668 597 1797 651 renuere
1815 597 1875 652 No·

183 694 233 750 per
250 686 394 730 cataractas
419 673 569 742 nauigabile
594 671 735 736 redditur,
758 675 832 728 nulls
858 673 1007 726 udbnodum
1058 675 1116 730 tion
1137 675 1196 730 und
1210 679 1259 732 dot
1277 678 1372 748 deilige
1392 681 1536 734 didmircde
1555 679 1683 744 liciebsa
1701 679 1879 736 nocuerunt!

185 772 249 816 estol
265 761 410 831 reciigrlie,
429 761 520 831 itaque
538 760 571 812 de
594 777 625 812 eo
646 775 699 812 nott
724 758 778 826 egil
809 775 924 812 recessus
947 768 1010 812 ettle
1062 760 1139 812 hond
1156 780 1216 815 zum
1235 763 1363 817 tenedum
1382 764 1467 816 duruit
1484 765 1671 818 besednettrer.
1689 765 1726 816 ttli
1745 765 1826 818 etiem
1846 765 1878 821 in

185 847 335 909 adductus.
362 863 422 898 natu
445 855 472 898 et
495 857 549 900 tum
575 843 703 913 temporis
727 845 820 896 modus
845 843 920 894 bicor
941 853 1007 894 esta·
1061 843 1148 896 medio
1166 847 1192 898 d.
1211 851 1288 901 artr'c.
1307 865 1429 916 expressa
1450 847 1534 909 rerba,
1554 849 1585 899 ed
1604 847 1714 902 fiumina
1733 849 1877 922 inquibus

185 941 315 986 rectarum
330 931 406 1000 plane
419 927 580 998 incognitus.
600 926 732 996 plerisque
746 935 817 980 certe
829 925 932 993 ignotus
945 933 1011 986 erat,
1061 929 1177 996 naaiguri
1197 932 1271 992 solet,
1292 935 1500 1000 reetringuutur,
1518 932 1572 984 ibi:
1590 932 1626 983 So
1639 932 1725 986 rollen
1747 935 1802 988 ulie
1816 933 1877 989 und

187 1018 256 1087 leges
269 1026 352 1067 autem
368 1031 442 1084 saepe
456 1030 488 1066 ex
502 1021 605 1065 statuet
625 1010 781 1064 conditione
801 1019 949 1079 temporum
972 1008 1011 1060 itt·
1052 1010 1117 1082 jede
1141 1014 1329 1085 dergleiclsan,
1359 1017 1463 1071 corrodi
1488 1025 1566 1069 uuter
1590 1017 1749 1070 wedrendetr
1775 1017 1881 1086 Krieg,=

189 1101 409 1169 terpretationem
424 1115 496 1149 stum
513 1095 649 1165 recipiunt.
1040 1091 1103 1148 'alr
1125 1115 1179 1150 νην
1200 1101 1362 1168 demrelden,
1383 1103 1442 1171 ores
1455 1103 1530 1157 attea
1552 1108 1688 1170 strumen,
1707 1104 1767 1157 und
1782 1104 1877 1174 rediff-

233 1188 256 1243 ς.
275 1179 319 1232 tt.
350 1181 401 1233 Sed
421 1184 518 1248 maiora
539 1189 635 1231 restant
661 1177 758 1240 dubie,
784 1195 849 1244 qnae
868 1178 912 1232 bie
934 1178 1013 1231 nobis
1061 1179 1145 1228 dureo
1176 1185 1314 1250 mercen,
1341 1185 1387 1237 der
1406 1186 1503 1240 lleiedr
1526 1187 1599 1238 ohne
1629 1185 1800 1242 unterrclieid
1826 1197 1877 1242 etc.

190 1281 246 1318 sese
264 1263 397 1332 objiciunt
423 1263 619 1316 recentissimis
637 1277 672 1312 so.
692 1263 758 1329 imp.
779 1260 879 1328 legibus
893 1272 915 1315 rt
929 1261 1012 1331 capit.
1062 1261 1177 1314 maxime
1194 1279 1252 1313 rum
1272 1265 1350 1317 simul
1371 1271 1438 1320 rutlo
1456 1270 1612 1334 asliiuiatur,
1630 1271 1698 1338 quod
1718 1273 1755 1324 ita
1772 1273 1879 1343 nauiga-

189 1351 314 1419 imperat.
332 1347 497 1417 prohibitum
518 1363 591 1408 erre,
611 1362 676 1396 corr
696 1345 830 1412 rectiguliu
851 1345 877 1394 in
898 1346 1012 1414 imperio
1063 1341 1129 1395 tioot
1149 1362 1177 1396 su
1194 1350 1365 1401 commerciis
1382 1351 1449 1402 obex
1469 1361 1590 1419 ponatur.
1604 1371 1654 1420 quo
1675 1355 1809 1420 pertinent
1822 1373 1880 1411 rer·

190 1437 341 1488 instituere.
359 1434 485 1503 Quamuis
503 1431 577 1484 enim
596 1431 661 1484 olim
689 1431 813 1485 electores
838 1447 890 1483 uon
914 1430 1012 1490 modo,
1061 1425 1090 1478 br
1111 1430 1189 1496 paulo
1217 1434 1418 1501 praecedentiae
1447 1435 1560 1490 Dieneil
1579 1434 1633 1487 siclt
1659 1436 1725 1489 oder
1749 1449 1876 1509 eutr-ngr,

190 1520 276 1572 sedet
296 1517 390 1586 reliqui
411 1516 545 1584 principes
565 1531 629 1566 nuru
647 1518 749 1582 erigere
768 1514 899 1582 uectigalia
915 1513 1001 1590 prolu
1059 1514 1122 1565 dure
1139 1531 1214 1568 rwor
1232 1519 1282 1571 der
1302 1521 1408 1573 Nadme
1433 1519 1478 1572 des
1500 1523 1573 1574 chis
1588 1521 1722 1577 ttsuetteo
1747 1527 1878 1598 niclatge·

190 1602 248 1656 bitu
268 1601 412 1670 potuerint,
431 1599 470 1652 uti
489 1615 521 1651 er
540 1598 669 1651 Goldasto
683 1597 762 1650 tradit
774 1597 901 1668 (ἔπριον.
916 1595 950 1649 de
962 1597 1011 1665 leg.
1061 1596 1203 1663 droucdet,
1222 1601 1341 1655 roudm
1360 1615 1440 1658 urerer
1456 1605 1515 1657 dem
1535 1607 1702 1660 tllirrbrcucd
1721 1611 1780 1662 und
1792 1629 1874 1678 pror·

191 1707 245 1758 reg.
265 1687 396 1738 German.
420 1703 475 1753 cup.
500 1684 526 1735 Β.
550 1694 612 1736 rect.
639 1688 663 1735 l.
688 1701 762 1736 eum.
789 1683 815 1734 8.
840 1699 911 1753 rqu.
930 1681 960 1732 ld
976 1691 1012 1732 ta·
1060 1691 1119 1732 texe
1138 1681 1215 1737 einer·
1234 1685 1395 1756 Niederlcge
1412 1687 1470 1740 und
1483 1685 1580 1756 Sttfiei
1594 1689 1785 1760 Gereelitigkeit
1809 1693 1877 1746 oder

193 1789 253 1824 uren
274 1781 362 1840 postea
382 1770 407 1822 ll.
428 1768 535 1837 imperii
555 1779 680 1822 ruutatum
701 1777 749 1831 est,
769 1769 833 1820 rdeu
851 1777 880 1820 ut
896 1785 943 1820 ner
962 1768 1009 1820 im·
1061 1776 1170 1819 roverteo
1189 1785 1241 1820 ron
1259 1768 1310 1822 tien
1331 1769 1391 1839 otis
1400 1769 1457 1824 und
1474 1770 1663 1838 uisudrendetr
1681 1774 1803 1844 sediffese
1820 1779 1880 1832 und

193 1868 294 1930 perator
312 1855 383 1908 aolus
401 1852 544 1906 concedere
562 1861 716 1922 potestetem
731 1849 849 1919 erigendi
864 1868 958 1903 nuaram
973 1869 1012 1905 ee·
1067 1851 1186 1904 Wotrcn
1205 1854 1271 1906 eden
1289 1869 1319 1907 ro
1339 1855 1401 1918 viel,
1419 1855 1462 1907 olr
1480 1872 1558 1910 wenn
1577 1873 1606 1908 er
1624 1857 1667 1910 eiu
1687 1861 1790 1912 reoliter
1813 1863 1879 1915 Zoll

195 1940 276 2010 ctigal
294 1939 395 2008 possit,
413 1939 461 1991 aed
480 1937 623 1990 electurum
650 1951 791 1988 consensus
811 1935 960 2004 etquidem
985 1953 1012 1987 u·
1061 1951 1148 1998 ware.
1175 1938 1306 1999 redolere,
1330 1939 1398 1992 cuod
1421 1938 1470 1990 der
1492 1940 1646 2011 Herediuug
1670 1943 1727 1995 und
1747 1944 1878 2013 Sodifforr

194 2024 311 2078 nanimis
330 2023 488 2092 requiretur.
506 2037 565 2086 cup.
584 2019 655 2085 ieop·
679 2029 732 2072 ort.
755 2019 799 2070 21.
819 2021 887 2071 uode
899 2018 1012 2089 quilibet
1061 2016 1145 2072 duruit
1168 2022 1379 2090 urrgeludriiciee
1404 2023 1463 2076 und
1482 2023 1671 2093 odgenotltt'gte
1691 2043 1740 2080 our
1752 2029 1878 2083 undein-

192 2111 306 2163 circulus
317 2109 422 2176 jubetur
442 2108 468 2158 iu
488 2105 663 2174 flagellutores
679 2104 845 2172 uectigalium
867 2107 1011 2174 inquirere,
1063 2103 1154 2168 ludeo,
1182 2104 1358 2176 orassediffiers
1385 2108 1442 2162 und
1464 2108 1624 2177 eintcitiffen
1654 2122 1704 2164 etc.
1735 2113 1878 2167 meaetttots

193 2209 221 2252 nt
240 2198 271 2250 ad
291 2196 405 2250 debitam
426 2212 534 2263 poenam
556 2189 811 2245 trab-otonttetcts
827 2190 964 2245 Adsedied
980 2191 1013 2246 de
1058 2202 1152 2256 grosse
1178 2190 1320 2245 Besrlnuer
1345 2193 1402 2244 und
1428 2192 1881 2263 Verdiudrrunguerurruedetuud

193 2299 268 2338 αηηυ
295 2280 372 2333 stato.
395 2286 419 2342 ς.
447 2280 560 2333 Weiterr
581 2275 674 2346 reynd.
694 2275 749 2328 leno
767 2275 797 2328 in
822 2291 884 2327 casu
909 2287 1010 2328 contre·
1062 2269 1204 2342 etagelllget
1226 2275 1303 2328 wird.
1319 2277 1398 2329 Unde
1416 2275 1539 2345 colligere
1557 2273 1711 2334 breuissime
1724 2283 1880 2354 liceuquue·

193 2367 324 2421 rentioois
342 2367 448 2418 electori
467 2361 573 2416 cuilibet
594 2360 779 2431 permittitur,
806 2361 907 2429 prisuta
924 2372 1009 2413 aneto.
1061 2373 1171 2426 eumtpae
1188 2359 1325 2428 uectigalia
1347 2375 1394 2411 nro
1412 2357 1440 2411 in
1458 2358 1603 2414 ordinariis
1615 2362 1691 2425 loeta,
1703 2364 1747 2414 ttbi
1762 2367 1813 2433 janu
1827 2371 1879 2424 ulia

192 2455 268 2508 ritate
288 2470 316 2505 ae
334 2460 426 2505 cootru
446 2466 510 2500 nora
528 2446 665 2514 uectigalia
684 2442 832 2498 defendere.
852 2443 913 2495 dict.
937 2443 1011 2497 orato.

191 2539 236 2590 st.
255 2535 309 2587 ibi:
329 2533 409 2587 Auris
433 2529 520 2584 ciuem
527 2529 671 2602 jedweden
693 2527 740 2581 des
766 2528 802 2580 tt.
814 2527 908 2580 Ilet'clts
928 2527 1011 2580 Cicur-

180 2623 314 2693 fulmen,
340 2618 454 2672 uatctur
474 2615 532 2668 siclt
562 2615 652 2667 (toute
667 2611 841 2665 ,deredweret
872 2607 1011 2678 tutantur,

188 2711 254 2780 stry
279 2707 336 2761 νηὶ
360 2705 439 2758 decor
460 2701 564 2764 stenen,
586 2699 642 2752 ried
667 2697 773 2750 coluber
797 2696 1010 2765 Bercdorerutrg‚

190 2812 220 2848 ao
242 2801 291 2862 gnt
314 2807 344 2843 er
369 2788 435 2850 kun.
460 2785 574 2838 reldrten
600 2801 631 2838 su
654 2783 795 2835 entiredeu.
810 2783 976 2852 Quapropter
991 2783 1012 2832 sl

189 2874 391 2931 contrafecerit
410 2867 517 2942 quidam
538 2883 569 2919 ex
588 2867 708 2929 statibus,
729 2865 849 2918 mandata
868 2866 925 2916 siue
944 2868 1011 2918 ulau·

189 2963 245 3017 solu
263 2981 276 3014 a
297 2973 398 3012 camara
416 2953 548 3024 imperiali
569 2951 675 3004 decerni
696 2952 795 3010 sotem.
814 2949 959 3002 lloseutbal
978 2949 1012 3004 de

180 3043 294 3116 fiudol.
317 3057 377 3106 cop.
404 3037 428 3089 ll.
452 3035 538 3089 correi.
563 3035 608 3085 ¹3.
632 3051 706 3088 num.
728 3033 772 3084 ¹2.
791 3033 835 3083 ubi
855 3032 1010 3086 reiurtisti·

188 3125 293 3182 asmodi
314 3121 465 3176 mundatum
484 3117 564 3171 luisse
582 3117 716 3169 decretum
739 3116 766 3167 in
785 3133 859 3168 cauea
872 3119 1009 3171 ciuitatum

192 3208 370 3281 imperialium
390 3215 479 3258 contra
498 3201 726 3271 archiepiscopum
741 3199 929 3262 coloniensem
945 3203 1008 3252 item

192 3311 283 3348 coutrr
302 3293 393 3345 durem
419 3289 588 3358 jollrceueem
606 3288 633 3338 d.
659 3287 685 3337 ’1.
710 3287 834 3338 uocerud.
858 3304 903 3340 on.
931 3287 1009 3338 stou.

192 3378 371 3447 tententiaque
389 3369 574 3427 confirmatum
593 3369 696 3424 luissete
718 3371 781 3423 item
803 3370 830 3422 io
850 3385 924 3422 mnes
941 3370 1012 3442 priu-

189 3467 292 3534 cipatus
312 3459 469 3513 rtubulensis
489 3463 579 3509 contra
597 3454 750 3524 episcopum
769 3453 933 3506 leodiensem
967 3457 1011 3508 ttt.

191 3547 278 3604 octob.
298 3563 343 3599 cn.
363 3541 443 3594 tter.
465 3541 528 3592 itero
547 3537 664 3590 ciuitatis
683 3537 900 3608 aquisgranensis
919 3550 1009 3592 eontra

191 3635 341 3705 episcopum
356 3626 541 3690 Leodienretn,
556 3633 583 3676 ut
599 3623 635 3676 itu
648 3625 681 3676 de
694 3626 772 3692 praxi
789 3622 833 3673 ille
848 3627 948 3676 nonsit
964 3625 1010 3678 du·

191 3720 339 3775 bitaudum.

226 3804 251 3877 ᾗ.
271 3803 314 3855 ttt.
333 3793 592 3856 verumenimvero,
610 3801 639 3845 ut
658 3807 726 3844 nune
745 3788 778 3843 de
796 3790 888 3844 morali
908 3789 1010 3844 ratione

191 3889 268 3944 istius
287 3881 390 3939 articuli
409 3879 605 3950 capitulationis
624 3887 648 3930 el
667 3877 769 3945 jurtltia
790 3877 858 3930 nibil
879 3875 1008 3941 utteran,

191 3976 220 4028 ld
242 3983 328 4026 tamen
346 3965 455 4020 cuilibet
475 3975 566 4034 putere
585 3963 723 4024 existimo,
742 3962 813 4014 itlcua
833 3978 904 4023 esse,
923 3978 954 4012 au
970 3979 1010 4014 re·

191 4054 297 4125 ctigulia
317 4054 345 4104 iu
364 4051 479 4119 imperio
498 4048 638 4102 instituere
664 4048 741 4115 plone
767 4047 799 4098 sit
827 4045 1009 4116 prohibitum,

1063 2441 1158 2493 telonia
1179 2443 1362 2510 reperiuntur,
1385 2442 1523 2502 institute.
1551 2463 1599 2498 nee
1625 2450 1813 2518 navigationem
1834 2463 1879 2508 aul

1063 2528 1219 2578 commercia
1240 2526 1391 2595 impediunt
1411 2527 1450 2579 ael
1474 2527 1587 2594 sistunt,
1613 2532 1656 2583 red
1683 2539 1875 2604 compensatio·

1062 2625 1122 2661 nem
1143 2621 1242 2661 tautum
1261 2611 1396 2662 continent
1430 2612 1631 2679 impensarum,
1661 2633 1723 2683 quas
1754 2621 1879 2691 princeps

1063 2697 1090 2746 in
1112 2695 1288 2762 promovende
1308 2695 1473 2763 nauigatione
1492 2697 1649 2766 impendere
1671 2717 1804 2758 necessum
1832 2708 1878 2760 ba·

1063 2778 1130 2844 buit,
1143 2795 1170 2831 ea
1189 2781 1214 2830 iu
1229 2777 1299 2830 dieta
1312 2779 1502 2847 cupitulatioue
1514 2798 1565 2833 noo
1578 2795 1637 2836 sunt
1650 2785 1793 2852 prohibita.

1095 2871 1115 2927 §-
1140 2863 1177 2915 to.
1198 2864 1269 2916 llaec
1287 2863 1309 2916 si
1330 2879 1400 2916 nttnc
1419 2863 1451 2916 ad
1470 2872 1611 2917 cataractas
1629 2869 1802 2939 applicentur¹
1829 2899 1875 2947 μ..

1063 2949 1130 3000 tebit
1147 2946 1306 3004 diaersitatis
1325 2949 1400 3003 ratio.
1420 2951 1449 3000 ln
1470 2967 1500 3003 co
1519 2951 1590 3004 enim
1611 2950 1732 3018 iiumine,
1751 2961 1818 3027 qunl
1832 2979 1879 3034 psa

1063 3044 1204 3086 cataractas
1224 3034 1372 3104 nauigabile
1392 3034 1512 3086 redditur
1524 3072 1533 3099 ,
1552 3051 1610 3086 euru
1638 3038 1709 3090 cotta
1729 3041 1880 3100 rtlbucdum

1062 3127 1146 3176 erecta
1164 3117 1218 3168 aiut
1237 3118 1345 3181 telonia,
1364 3135 1415 3170 nou
1437 3120 1530 3186 poterit
1544 3119 1596 3170 diei
1609 3122 1697 3175 eadem
1713 3141 1816 3192 praeter
1828 3149 1875 3185 ne.

1061 3203 1207 3254 cessiltttetn
1227 3204 1367 3266 cumulati,
1387 3221 1416 3254 re
1435 3204 1471 3255 ita
1492 3203 1585 3255 iisdem
1604 3213 1704 3274 gravari
1720 3218 1799 3265 slettts
1813 3217 1875 3286 imp.

1064 3284 1166 3336 Deinde
1184 3301 1235 3336 non
1256 3284 1400 3351 impeditor
1419 3283 1558 3351 nauigatio,
1577 3288 1621 3337 sed
1641 3307 1808 3358 promouetur
1820 3311 1879 3367 pot.

1062 3367 1111 3431 ius,
1133 3383 1185 3418 non
1204 3366 1262 3418 siue
1283 3367 1382 3435 insigni
1402 3369 1621 3420 commerciorum
1640 3386 1788 3442 attgmenlo:
1801 3392 1827 3433 et
1842 3401 1878 3438 ς..

1062 3469 1093 3502 ne
1114 3451 1232 3520 iniquum
1254 3449 1337 3516 iuret,
1357 3468 1433 3512 eum,
1452 3451 1495 3519 qni
1518 3453 1596 3504 tantis
1615 3460 1764 3527 sumptibus
1777 3461 1877 3522 flumen
1976 3521 1977 3528 ,

1061 3535 1209 3604 navigabile
1227 3537 1324 3596 reddit.
1343 3552 1374 3588 er
1394 3537 1606 3605 navigationibus
1627 3543 1727 3593 nullum
1748 3547 1824 3614 plane
1838 3553 1878 3604 lu.

1061 3637 1134 3674 crum
1155 3637 1259 3687 sperrre
1280 3621 1385 3674 debere.
1405 3621 1486 3691 idque
1505 3638 1535 3674 eo
1555 3623 1647 3690 magis,
1665 3641 1721 3677 eum
1737 3626 1768 3681 de
1780 3630 1877 3686 «lemno

1061 3704 1164 3759 citando
1181 3716 1262 3757 certet
1283 3705 1305 3755 is
1323 3705 1462 3774 princeps,
1488 3703 1532 3774 qui
1559 3715 1695 3760 cataruotra
1722 3717 1874 3786 exstruxit,

1061 3791 1156 3859 reliqui
1176 3805 1235 3842 reto
1253 3790 1411 3858 nauigantes,
1430 3789 1476 3858 qttl
1497 3788 1591 3841 iistletn
1612 3788 1749 3858 irtaunlur‚
1772 3797 1875 3854 lucrum

1059 3887 1165 3945 captare
1184 3873 1409 3929 introductum
1429 3875 1515 3942 itaque
1535 3876 1614 3941 obiici
1634 3887 1735 3945 potest,
1753 3883 1821 3952 quod
1847 3885 1876 3940 in

1061 3961 1130 4014 dieto
1150 3959 1258 4029 capitul.
1276 3961 1417 4027 generatim
1433 3975 1496 4009 nora
1512 3961 1648 4027 aeetigulia
1669 3962 1875 4037 toatttuerepao-

1061 4043 1197 4105 bberur,
1216 4060 1243 4095 er
1260 4059 1307 4112 sep·
1323 4044 1409 4112 gleicd
1427 4061 1459 4096 su
1483 4043 1592 4097 Wasrer
1615 4041 1681 4096 oder
1703 4045 1795 4099 lond.
1807 4048 1874 4103 Num

191 4159 226 4194 an
246 4156 305 4192 tero
325 4147 360 4189 tut
380 4132 514 4188 limitibus
533 4143 650 4202 potestus
670 4133 714 4184 ills
734 4132 952 4202 circumscripta:
976 4151 1007 4185 an
1034 4121 1038 4192 Ι
1062 4129 1099 4180 ibi
1125 4147 1171 4198 per
1188 4146 1280 4198 aquam
1300 4147 1328 4182 ea
1350 4127 1534 4197 intelliguntur
1559 4127 1690 4195 ilumioa,
1722 4133 1749 4184 in
1778 4134 1875 4203 quibu,

192 4225 264 4280 enim
290 4217 355 4290 fingi
374 4235 458 4280 carisa,
477 4233 511 4269 ne
528 4215 612 4270 alicam
632 4215 765 4278 exirtere,
785 4225 870 4286 potert
886 4255 894 4282 ,
912 4235 963 4285 quo
982 4221 1009 4271 iu

1060 4213 1195 4266 ordinarie
1214 4213 1329 4282 nauigari
1350 4213 1456 4265 solitum
1477 4211 1528 4263 luit
1546 4213 1678 4265 brotenus.

194 4327 287 4364 norum
307 4306 432 4358 telonium
451 4300 605 4369 erigendum
626 4301 764 4368 abaliquo
787 4316 818 4352 er
845 4300 958 4353 rtatibus
982 4320 1010 4353 o·
1095 4300 1116 4366 §c
1138 4300 1179 4352 l'l.
1199 4300 1228 4352 ld
1249 4301 1354 4354 ridetur
1374 4297 1456 4366 magis
1475 4296 1605 4351 adversari
1627 4297 1687 4350 buin
1700 4311 1803 4354 nostrae
1816 4320 1873 4358 sen·

195 4409 270 4444 mnes
289 4388 410 4440 electores
430 4385 592 4438 unanimiter
615 4383 669 4437 sint
688 4382 862 4437 consensuri?
881 4385 1010 4439 Sanemi·
1062 4383 1174 4447 tentiae,
1192 4383 1260 4453 quod
1280 4400 1313 4435 ne
1330 4383 1435 4452 qiddem
1456 4380 1602 4450 portorium
1619 4382 1720 4448 imponi
1747 4389 1828 4451 possit
1857 4411 1871 4442 ι

194 4479 296 4530 nimum
315 4471 396 4523 etlam
416 4468 603 4537 praejudicium
630 4469 707 4520 uuius
727 4469 847 4521 electoris
856 4471 1010 4540 operabitur
1061 4466 1189 4532 statibus,
1209 4469 1261 4519 uisi
1281 4483 1313 4518 er
1333 4465 1504 4519 concessione
1523 4465 1586 4533 imp.
1607 4474 1632 4517 et
1650 4467 1799 4524 electorum.
1821 4475 1872 4527 aid.

193 4559 358 4612 dissensum.
378 4552 456 4603 unius
479 4563 564 4604 autem
590 4551 726 4604 ttaaeosos
744 4550 847 4605 sufficit
869 4555 900 4607 sd
928 4556 1000 4624 lanpe
1060 4551 1103 4605 die
1121 4553 1332 4622 Verrclrreidung
1342 4547 1438 4606 Caroli
1453 4550 1705 4618 ssep-Gabinium
1723 4555 1876 4612 llbooau.

193 4641 315 4694 dieodaut
344 4635 437 4690 telonii
465 4635 661 4688 tostttuttonem
696 4653 742 4705 per
774 4637 849 4689 rerba
878 4639 1010 4707 capitulat.
1060 4639 1188 4711 impenp.
1203 4639 1226 4690 2.
1241 4649 1261 4691 t.
1274 4639 1298 4689 3.
1312 4634 1335 4707 5.
1354 4634 1508 4689 Wtraotteo
1524 4636 1569 4686 18.
1583 4638 1718 4690 lltrrnelin.
1742 4639 1781 4691 ad
1800 4662 1826 4694 a,
1846 4643 1870 4694 h,

199 4726 264 4782 llud
285 4724 355 4778 oller
379 4720 437 4777 ond
454 4719 530 4789 jeder
559 4719 656 4774 dicier
684 4721 852 4792 Cicurfilrstl.
882 4722 1008 4786 Wirsen,
1058 4724 1121 4776 disc.
1147 4725 1173 4774 θ.
1194 4723 1229 4774 tls·
1256 4723 1299 4773 to.
1325 4719 1389 4772 Cum
1409 4719 1480 4771 eniua
1501 4718 1647 4788 portorium
1667 4721 1702 4774 slt
1728 4724 1873 4780 minimum

196 4809 309 4872 -Wllen,
336 4807 480 4864 Zulossrtt.
505 4803 562 4856 renti
579 4803 803 4876 cottegtot-ttartt
827 4804 875 4856 mit
894 4805 1010 4859 eiubelli·
1061 4809 1189 4878 pretium,
1207 4806 1308 4876 dequo
1327 4819 1378 4856 uon
1398 4799 1537 4856 admodum
1558 4803 1680 4871 conqueri
1701 4819 1807 4874 putrent
1828 4828 1873 4878 pa-

193 4909 252 4962 gem
277 4889 395 4946 Sollion,
420 4888 478 4940 clau
505 4883 564 4939 und
583 4887 726 4956 dergestoit
748 4891 776 4940 in
802 4886 900 4941 diesem
926 4892 1009 4943 Stilo-b
1061 4894 1238 4961 regrinantes‚
1257 4903 1279 4942 et
1299 4901 1385 4942 tameo
1406 4886 1432 4940 tt
1459 4887 1559 4956 imponi
1590 4888 1689 4958 prirata
1719 4893 1872 4948 auctoritate

194 4991 364 5044 corgougen,
378 4971 443 5024 durs
466 4971 555 5024 deiner
569 4971 750 5042 Cdugflilsteu
776 4973 934 5027 li't'ederred
945 4975 1011 5026 oder
1060 4992 1110 5026 ttou
1131 4975 1228 5044 possit,
1248 4973 1327 5025 multo
1346 4973 1433 5026 minus
1452 4971 1541 5025 licebit
1560 4972 1666 5042 aliquod
1686 4975 1794 5044 reotigal
1824 4995 1873 5046 pro

193 5059 294 5110 diruetur
317 5058 464 5127 dorgegen5
488 5052 606 5106 scudem
631 5055 687 5107 olle
712 5055 770 5108 und
789 5054 850 5124 jede
872 5057 934 5108 dero
948 5057 1009 5112 Coi·
1058 5059 1195 5112 cataractis
1214 5059 1333 5127 erigere,
1353 5076 1404 5126 quo
1423 5059 1575 5126 nauigantes
1595 5058 1678 5130 magii
1694 5062 1793 5128 graami
1814 5079 1872 5132 pos·

194 5139 414 5210 legiolStimuaen
439 5137 589 5208 einmdtdig
607 5153 684 5208 seyr,
711 5155 817 5191 marren
831 5136 1009 5207 crr'rdirrjlrlls
1060 5155 1125 5195 sent.
1146 5142 1196 5196 sot
1218 5151 1306 5193 tamen
1326 5141 1388 5193 baec
1406 5141 1521 5194 noudum
1543 5139 1606 5193 tanti
1627 5151 1703 5204 sunt,
1721 5151 1751 5194 ut
1769 5159 1875 5198 nouere

194 5227 237 5282 die
260 5222 369 5291 mojam
396 5223 468 5297 reiciet
493 5219 830 5288 otteadtaenaootuotme
845 5223 1010 5292 coagedende
1060 5244 1107 5278 nos
1125 5224 1152 5276 in
1171 5227 1328 5277 contrarium
1348 5225 1463 5292 possint,
1485 5239 1543 5273 nam
1563 5232 1588 5274 et
1606 5221 1720 5290 portori!
1739 5223 1788 5277 elia
1804 5227 1873 5278 ratio

195 5310 339 5364 ononimic
365 5327 398 5362 stt
426 5306 521 5360 keitren
548 5307 638 5360 d'tond
660 5308 773 5378 bringeri
797 5318 845 5362 ete.
871 5307 922 5361 set
940 5325 1010 5370 reru,
1060 5319 1113 5361 est:
1132 5326 1190 5362 cum
1209 5326 1240 5358 co
1260 5309 1317 5377 ipso
1335 5307 1442 5359 omnino
1473 5316 1615 5372 perventur
1644 5307 1697 5360 ller
1726 5307 1875 5378 iumenta,

193 5393 227 5445 ait
247 5393 384 5464 possibilie
404 5389 540 5443 institutio
569 5408 695 5445 nouorum
729 5393 918 5460 uectigalium,
949 5391 1009 5443 buio
1062 5391 1121 5444 duait
1142 5407 1190 5460 pru
1209 5391 1262 5444 tolo
1282 5391 1397 5442 transitu
1417 5391 1538 5459 pontium
1551 5391 1660 5460 aecttget
1674 5393 1772 5448 soluere
1787 5405 1875 5446 teneu-

194 5489 263 5532 uerte
283 5478 380 5530 telouio
399 5477 425 5528 iu
446 5475 582 5529 cataractis
600 5476 726 5546 erigendo
747 5495 798 5530 unu
825 5481 959 5532 obstaret.
979 5479 1008 5532 Si
1062 5489 1119 5539 tur,
1138 5487 1181 5529 sut
1199 5476 1264 5528 alius
1283 5473 1334 5526 iter
1351 5475 1503 5527 continuere
1521 5483 1661 5544 nequeunt.
1689 5474 1736 5528 det
1766 5492 1827 5529 sero
1846 5485 1874 5529 ut

193 5563 264 5616 enim
285 5560 435 5615 accuratiori
455 5551 529 5613 oudo
547 5560 694 5629 perlegatur
707 5561 776 5614 diota
789 5562 950 5631 crpitulstio‚
965 5581 1008 5630 op·
1063 5573 1201 5614 cataractus
1219 5557 1277 5628 quis
1295 5576 1359 5613 uere
1373 5571 1498 5619 transeut,
1514 5575 1590 5612 nemu
1603 5557 1875 5612 necessitatesdstrin·

193 5661 264 5719 paret
286 5665 337 5700 nou
358 5645 391 5698 tle
408 5646 461 5700 alio
482 5662 541 5698 casu
560 5663 616 5698 eam
636 5647 717 5718 ioqui,
736 5663 813 5718 quum
834 5645 854 5698 si
869 5663 933 5701 uota
949 5646 998 5698 telo
1061 5645 1148 5715 gitur,
1168 5661 1226 5697 usm
1246 5655 1268 5698 rt
1286 5660 1332 5716 pet
1351 5653 1465 5712 terram,
1484 5661 1533 5716 prr
1550 5661 1628 5717 quum
1647 5641 1781 5714 houlcurt,
1800 5659 1873 5702 suta·
