4364 6132
216 307 276 362 ,Μ
721 301 769 356 nr
787 300 1045 358 uesctrtnnttno
1064 303 1304 363 torrnontro.
1741 309 1795 366 Μ

166 419 216 482 pne
234 408 273 464 eei
293 421 367 458 nenne
386 414 504 476 repetere
522 399 619 456 licenti
637 400 714 472 Qnod
732 411 840 470 nepatnr
858 403 886 456 in
905 405 924 460 t.
940 407 982 460 tr.
1033 400 1264 456 commodentemi
1283 405 1362 472 desp·
1387 402 1549 460 Eiectionetn
1574 402 1655 460 habet
1675 406 1847 464 commodata·

168 492 193 562 5.
211 490 237 542 1.
244 485 288 558 ff
306 489 439 544 commod.
457 487 488 542 Si
507 502 569 539 aero
586 485 755 538 commodent
778 485 837 555 ipae
859 502 889 538 re
914 506 983 542 enm-
1034 485 1100 548 rins,
1119 501 1151 538 en
1171 487 1234 539 reiit
1252 486 1290 551 id,
1307 487 1377 558 qnod
1396 487 1485 544 daton
1502 499 1554 553 est,
1573 497 1693 560 repetere
1706 490 1849 546 condictio·

167 572 273 629 nodets
289 588 354 644 epus
365 570 477 638 hebent,
496 569 615 640 illudque
632 583 685 622 oon
699 567 868 640 praeciderit,
882 569 984 628 videtne
1041 583 1074 620 ne
1091 567 1150 623 sine
1166 584 1249 632 seusa.
1266 589 1300 624 en
1319 587 1378 624 tero
1397 582 1506 643 propter
1528 573 1754 638 aestimationem,
1772 589 1850 643 qoem

162 657 295 713 meio
312 657 395 713 toenio
413 655 525 717 beben,
552 669 612 708 cnm
630 662 703 706 ectus
728 653 795 708 nitra
813 653 984 713 intentione„
1037 651 1180 718 promitit,
1198 653 1261 707 rctit
1279 653 1339 708 nttti
1358 653 1397 708 rei
1415 653 1595 710 vindicatione
1608 657 1646 710 nti
1665 672 1713 728 per
1729 656 1748 712 d.
1761 657 1806 712 11.
1819 655 1850 712 itt

166 759 226 796 nnn
245 740 361 796 debeant
377 738 496 794 eatendie
514 754 572 808 neg.
590 736 608 790 1.
625 737 651 792 d
669 754 693 790 c.
708 737 743 791 de
759 747 874 793 reooent.
893 740 985 796 donet.
1031 731 1104 804 fide
1116 753 1140 788 r.
1153 754 1177 792 c.

108 879 111 890 ,
133 823 245 895 ιρωᾶ
262 825 288 878 si
302 821 437 877 -reaocatio
453 823 525 890 insto
542 829 659 891 ternpore
676 815 734 886 fiat,
748 821 824 876 debet
839 825 986 878 commode·
1075 826 1096 881 1.
1113 821 1139 873 2
1151 821 1280 892 Respecto
1293 821 1492 874 commodntarii
1508 819 1667 876 rescinditur
1677 829 1796 877 mntnnnt
1810 822 1851 876 in·

167 909 256 964 terim
272 905 390 960 moden
408 921 463 958 rena
482 904 618 960 rectinere
630 906 735 970 cetram,
749 914 774 958 ct
788 906 923 976 intenae,
936 923 987 960 iton
1040 905 1117 958 teritn
1136 904 1174 964 rei
1193 903 1370 970 commodetur
1389 921 1436 975 per
1453 921 1540 959 casum
1555 903 1710 970 fortuitum,
1723 904 1767 958 hie
1778 907 1852 961 enine

166 990 376 1055 deterioratsrce
394 989 415 1042 si
433 988 507 1042 enirn
525 987 643 1046 deterior
669 989 811 1054 reddatur,
836 989 913 1043 reddi
938 1007 990 1045 nnn
1040 997 1080 1042 est
1098 989 1300 1054 commodentis,
1319 1000 1348 1042 nt
1366 989 1479 1054 dntnini,
1496 991 1515 1042 i.
1533 989 1560 1042 1.
1577 997 1599 1052 t.
1618 991 1645 1042 ¹1.
1656 990 1789 1044 commod.
1799 990 1853 1044 nisi

173 1073 280 1126 ridetur
298 1073 317 1124 L
336 1073 405 1143 15.
423 1071 449 1123 1.
467 1071 601 1126 commod.
621 1071 651 1126 st
670 1088 731 1126 tero
749 1071 920 1128 deterioratio
938 1091 990 1126 non
1041 1072 1261 1127 commodatoriue
1278 1075 1353 1143 culpa
1372 1073 1411 1128 eei
1429 1073 1559 1128 ierissima
1576 1089 1679 1126 censent
1698 1071 1798 1128 dederit
1808 1089 1853 1128 ee·

170 1159 209 1210 sit
232 1173 335 1225 magne,
353 1172 406 1208 uon
425 1170 531 1208 necasse
549 1163 606 1219 est,
626 1162 655 1212 ut
673 1155 892 1210 commodatariee
912 1156 992 1209 totins
1042 1155 1147 1220 sni‚.d.
1164 1162 1185 1219 1
1204 1158 1231 1208 t.
1250 1157 1290 1212 eei
1307 1157 1336 1209 in
1364 1157 1421 1227 ipso
1445 1173 1507 1210 men
1531 1173 1572 1212 rcs
1597 1173 1658 1210 sues
1682 1157 1855 1210 commodetis

167 1241 215 1294 rei
234 1237 444 1294 esttisnationsrc
464 1245 587 1310 praestat,
606 1236 651 1292 aed
670 1233 781 1302 sufficit,
800 1238 823 1292 si
846 1239 989 1292 deteriora·
1042 1238 1195 1311 prcetuierit
1212 1239 1238 1292 d.
1253 1239 1274 1290 1.
1291 1242 1318 1292 t.
1335 1245 1356 1302 1.
1374 1240 1399 1292 i.
1416 1239 1485 1309 qnod
1504 1241 1673 1294 commodans
1690 1239 1801 1312 probare
1813 1240 1856 1294 de·

136 1327 156 1381 tt
174 1321 257 1375 tionis
275 1321 391 1391 pretium
410 1321 509 1374 solvere
527 1330 632 1390 paratna
650 1321 685 1372 sit
704 1337 761 1388 neg.
779 1321 840 1376 dict.
858 1323 878 1374 t.
897 1323 923 1374 ³.
936 1322 989 1376 Sed
1041 1324 1084 1379 bet
1096 1322 1334 1398 secundumdlouc.
1347 1324 1389 1380 tit.
1400 1323 1543 1392 Quomodo
1557 1323 1718 1381 annulletur
1733 1339 1856 1378 commo·

170 1403 317 1472 qnseeitnr.
333 1403 356 1454 si
375 1399 593 1455 commodandus
610 1418 666 1456 rein
686 1401 850 1472 perdiderit,
865 1407 987 1458 aestimo·
1038 1407 1140 1463 dutum·
1151 1424 1178 1462 n.
1190 1408 1218 1458 8.

166 1489 322 1560 ticcsuqttc
339 1485 523 1560 precstitcrit,
548 1495 576 1540 ct
595 1502 637 1542 res
655 1487 823 1559 postmodum
843 1490 933 1546 retent
955 1491 988 1544 sd

804 1675 1078 1785 'CAPUT
1124 1675 1203 1743 vlt.

771 1861 825 1934 De
847 1849 1075 1938 reicindendo
1097 1869 1261 1964 deposito.

415 2079 437 2130 8
456 2081 483 2135 Π
498 2076 534 2128 d!
548 2076 585 2129 tt
598 2075 627 2128 A
645 2075 670 2128 Ii
690 2074 751 2127 1.t
901 2111 906 2116 -
1044 2081 1109 2136 ticet
1126 2080 1260 2136 dissentiet
1279 2078 1392 2138 Becher·
1410 2081 1447 2134 ud
1463 2078 1581 2150 tndtm
1607 2079 1650 2132 11.
1676 2080 1715 2132 tit.
1732 2079 1757 2132 d.
1775 2079 1815 2134 dit.
1834 2082 1860 2136 d.

351 2205 353 2210 .
505 2201 508 2208 .
553 2195 555 2203 ·
1044 2165 1113 2216 ralet
1131 2167 1218 2215 teinen
1237 2162 1351 2215 retentio
1368 2162 1448 2214 etiem
1466 2162 1502 2215 ob
1519 2161 1591 2214 eliud
1618 2161 1747 2228 debiturn,
1774 2164 1798 2215 si
1824 2163 1861 2219 its

167 2246 321 2320 venundo
332 2245 485 2316 depositum
508 2239 690 2296 rescindetturt
708 2241 735 2292 1.
753 2237 938 2305 diepatt'tionec
956 2255 993 2294 on
1045 2255 1201 2299 concentum
1221 2244 1265 2296 sit.
1283 2245 1353 2297 Mer.
1372 2261 1400 2312 p.
1419 2245 1445 2295 2.
1459 2245 1484 2296 d.
1503 2245 1547 2296 tt.
1566 2243 1600 2295 Et
1612 2245 1748 2300 liceteliae
1762 2246 1791 2298 io
1805 2251 1864 2315 jors

215 2333 332 2390 nuncin
347 2327 463 2390 nutent?
476 2335 496 2392 5.
509 2331 537 2380 1.
1046 2329 1262 2382 denunciationes
1280 2327 1399 2392 vehant,
1424 2328 1441 2380 t.
1469 2326 1517 2380 uit.
1530 2324 1572 2394 ff.
1598 2326 1632 2380 de
1648 2327 1706 2396 tege
1728 2333 1864 2386 commin.

178 2426 261 2478 Sfm
271 2412 671 2491 aepomapeeteritenendffi
1051 2423 1137 2466 temen
1155 2411 1273 2466 creditor
1291 2429 1345 2464 nen
1363 2417 1449 2479 potest
1469 2409 1629 2484 deonneinre
1647 2411 1818 2481 depositorio,
1831 2431 1865 2468 ne

166 2511 214 2564 ..tt
224 2516 407 2564 concertetur
415 2501 444 2556 in
456 2501 541 2557 etium
553 2506 731 2554 monadum.
741 2493 765 2570 5.
777 2495 802 2548 1.
1045 2498 1195 2568 depositum
1216 2497 1345 2560 restitnit,
1365 2495 1450 2546 donee
1468 2491 1521 2546 eibi
1542 2491 1714 2546 eetieieetnrn.
1725 2511 1778 2561 per
1789 2499 1864 2551 nuttt.

170 2679 201 2737 3,
220 2673 246 2724 1.
264 2620 455 2742 Depositum,
471 2663 541 2734 qood
558 2674 597 2720 est
613 2669 776 2725 contractos,
788 2677 841 2730 qno
858 2661 936 2716 elicui
955 2673 997 2712 res
1045 2578 1495 2734 :iiiiiirztniioeomdi'c'epiioddtiiiitiii
1508 2579 1866 2734 'idcvnrnoehacbeiatsiitddle'pt

178 2749 575 2828 01915d12(inp1ieiteenioe
604 2757 632 2800 et
657 2747 709 2799 late
734 2748 814 2798 etinrn
842 2745 930 2800 nactis
955 2761 997 2796 res
1048 2748 1113 2804 sito?
1126 2750 1206 2817 limp-
1219 2747 1296 2817 Quod
1309 2749 1348 2800 sic
1359 2746 1442 2816 pert.
1457 2741 1545 2814 diff
1560 2746 1653 2815 depos.
1665 2744 1742 2800 ntodc
1756 2747 1783 2800 in
1801 2765 1865 2802 oon·

178 2837 349 2896 enetedienda
368 2833 469 2902 detur)
485 2828 651 2886 custodienda
663 2827 825 2892 conceditur,
838 2825 999 2880 rutindiittt
1049 2834 1145 2887 tinenti
1159 2831 1293 2903 probetne.

142 2929 227 3000 ¹·per
251 2919 412 2979 contreriant
439 2913 593 2985 deponentia
614 2913 791 2968 ecinntaterne
815 2920 902 2981 potest
923 2910 995 2964 enirn
1083 2917 1108 2987 ς.
1128 2915 1154 2966 1.
1173 2912 1322 2967 Resolvitur
1340 2911 1501 2982 depositum,
1519 2911 1543 2964 si
1564 2929 1606 2965 res
1624 2913 1742 2983 deposito
1755 2914 1869 2986 perierit

168 3011 314 3080 'deponens
332 3017 387 3056 tero
406 3015 480 3053 suunt
498 2997 609 3050 citerius
627 2994 761 3050 costodiae
779 2994 900 3049 traditam
926 3011 1001 3064 repe·
1047 3015 1117 3064 men,
1135 2999 1183 3069 qni
1203 3006 1304 3067 spectet
1320 2997 1352 3048 ad
1372 2997 1548 3067 deponentem
1570 2997 1588 3048 1.
1606 2995 1693 3065 ²⁰·ff·
1706 2998 1795 3069 depes.
1808 3002 1826 3054 t.
1840 3003 1866 3052 1.

178 3107 237 3150 tere
255 3090 346 3145 etetitn
364 3097 443 3157 atqne
460 3081 596 3151 dependit,
613 3080 716 3136 etiemei
740 3081 862 3134 decerto
881 3090 998 3150 tempore
1047 3099 1069 3138 e.
1089 3082 1148 3139 eod.
1168 3083 1244 3138 otodo
1263 3099 1316 3136 non
1334 3083 1402 3136 edait
1418 3081 1573 3152 depositarii
1594 3085 1670 3154 cnipa
1687 3087 1738 3138 lste
1759 3087 1787 3139 in
1805 3104 1867 3143 ccc·

177 3174 314 3234 contenit.
331 3173 350 3224 t.
370 3173 396 3224 1.
415 3169 438 3240 s.
458 3167 504 3220 22.
521 3175 547 3217 et
564 3167 586 3232 1
603 3183 667 3232 pen.
674 3163 718 3234 ff.
734 3162 825 3229 depos.
848 3173 875 3218 st
892 3164 996 3235 deposi-
1046 3177 1120 3224 creto
1131 3166 1295 3222 considerate
1309 3168 1365 3219 11.
1380 3173 1401 3229 ς.
1415 3165 1440 3218 1.
1453 3167 1587 3220 commod.

132 3315 135 3322 .
178 3262 264 3318 terius
280 3257 372 3312 stetim
387 3260 490 3308 tenettte
503 3251 615 3305 reddere
626 3250 774 3319 depositum
788 3249 847 3302 sine
858 3249 910 3302 uile
925 3265 998 3302 mora
1084 3252 1106 3318 §.
1126 3253 1152 3303 ³.
1172 3251 1291 3320 Denique
1309 3249 1470 3303 rescinditur
1486 3250 1647 3320 depositum,
1661 3250 1683 3304 ai
1698 3262 1868 3308 enneertetnr

176 3359 206 3402 et
219 3342 375 3414 exceptione
391 3339 410 3391 i.
426 3355 489 3407 pen.
507 3353 528 3388 c.
546 3334 608 3388 cod.
621 3334 694 3399 eden,
713 3344 741 3386 nt
760 3335 787 3386 in
801 3335 850 3386 hcc
864 3342 998 3386 contracto
1050 3332 1171 3388 ineliotn
1183 3341 1363 3397 contracturae
1377 3334 1527 3402 esternpinnt
1547 3343 1586 3385 est
1599 3331 1627 3386 in
1641 3335 1696 3388 111.
1709 3333 1766 3407 §.fl
1775 3336 1815 3406 ff
1834 3339 1867 3393 de

179 3425 359 3499 depositarios
379 3437 465 3490 neque
481 3421 516 3472 ob
534 3418 667 3488 impertiat
687 3418 714 3470 in
734 3433 763 3472 re
780 3416 900 3486 depositi
919 3415 1000 3470 iactas
1049 3418 1101 3470 red.
1114 3417 1184 3474 cred
1194 3418 1243 3480 ,nbi
1257 3417 1406 3487 depositum
1421 3417 1580 3470 consertitnr
1593 3419 1619 3471 in
1636 3433 1763 3488 mutuom,
1774 3431 1801 3473 et
1813 3421 1867 3491 spi·

177 3512 365 3582 exeqitiocent
384 3502 541 3560 retentionis
557 3501 672 3570 objicere
688 3501 770 3571 possit
781 3501 816 3555 oi
827 3501 912 3570 tegent
922 3515 1001 3569 gens·
1049 3511 1091 3556 tor
1101 3519 1155 3558 non
1166 3499 1291 3574 depositi,
1306 3499 1350 3555 sed
1366 3499 1537 3554 condictione
1548 3501 1623 3556 certi.

168 3596 269 3650 -rntem
288 3593 333 3645 11.
351 3607 375 3643 c.
393 3589 420 3642 d.
437 3587 477 3641 tit.
494 3582 1001 3658 §.³0.p'·denct·eti·fic.deccmp.

821 3760 1226 3870 ‘ctru'rtltt

785 3951 842 4018 De
864 3943 1089 4014 rescindendo
1108 3947 1265 4038 pignore.

426 4150 448 4201 S
466 4152 494 4206 U
508 4150 545 4203 ΙΙ
557 4151 594 4204 d!
607 4150 636 4202 A
655 4151 680 4204 11
697 4149 760 4202 rA
1055 4143 1137 4199 Attus
1150 4140 1261 4209 modus,
1272 4145 1434 4214 puopignus
1445 4145 1625 4201 retct'tadntur.
1648 4151 1672 4199 1.
1698 4152 1823 4220 Regula:
1843 4153 1868 4208 1,

1089 4227 1260 4282 Rescinditur
1268 4245 1317 4292 per
1327 4228 1489 4282 solutionem
1513 4231 1742 4287 conterminio.
1762 4239 1810 4288 An
1827 4239 1869 4308 pt..

186 4317 331 4393 Quomodo
341 4313 439 4386 pignus
449 4310 626 4368 rescindatur.
641 4315 664 4366 1.
675 4312 785 4366 interitu
797 4311 847 4366 rei.
867 4311 893 4362 2.
909 4311 943 4365 di
958 4322 1002 4364 res
1086 4309 1237 4380 gnoretitio
1248 4310 1318 4364 notio
1329 4312 1571 4382 praescriptionem
1581 4317 1705 4376 potiatur.
1717 4317 1740 4386 §-
1753 4319 1777 4370 6.

217 4401 393 4474 particularis
404 4399 520 4470 typerte
534 4409 582 4450 nto
600 4397 721 4464 perierit,
737 4408 763 4450 et
787 4398 846 4450 ioco
865 4397 925 4468 ejus
943 4395 1002 4448 sitia
1054 4395 1111 4446 Per
1128 4395 1308 4458 novettpnem
1325 4393 1482 4465 legitimum.
1502 4399 1526 4448 1.
1555 4395 1629 4463 Quid
1647 4399 1672 4449 ri
1695 4402 1809 4456 novatio
1828 4406 1868 4458 in-

210 4487 460 4559 fieritsnrrogntu,
472 4499 509 4534 nn
520 4496 564 4536 res
573 4492 715 4550 surrogcte
722 4483 751 4534 in
759 4479 925 4551 odir'pntionc
931 4496 1002 4534 com·
1087 4477 1192 4530 unit'dn.
1210 4477 1235 4528 1.
1254 4480 1288 4532 Si
1300 4495 1352 4548 pro
1369 4487 1447 4542 porte
1464 4478 1563 4533 putida.
1583 4483 1607 4532 ³.
1626 4481 1657 4533 Si
1672 4483 1777 4537 debitor
1794 4505 1867 4543 neon

219 4567 409 4634 preitendntur.
424 4571 445 4628 1.
459 4567 483 4616 1.
1086 4557 1130 4612 det
1143 4557 1276 4628 pignora.
1297 4569 1324 4612 et
1339 4559 1462 4630 priorum
1474 4560 1630 4629 nonsueint
1642 4568 1817 4634 mentionem,
1829 4591 1867 4626 nn

183 4655 296 4710 Mortuo
311 4668 353 4713 eo,
366 4647 413 4718 qui
424 4664 480 4701 rem
491 4646 604 4717 pignori
611 4645 690 4698 dedit.
702 4652 724 4707 1.
736 4645 763 4696 2.
1085 4644 1181 4710 prt'ors
1197 4643 1386 4696 resoluuntur?
1399 4644 1426 4696 1.
1440 4646 1553 4714 Quando
1567 4663 1624 4700 non
1646 4653 1823 4706 resotrnntnr.
1843 4657 1868 4708 1.

185 4743 247 4794 Pet·
267 4731 451 4790 remissionem
467 4730 603 4802 pignoris.
623 4732 649 4782 1.
671 4730 788 4799 Quando
806 4728 1002 4798 creditorpros·
1088 4727 1211 4780 Cnutein.
1231 4728 1255 4794 1.
1273 4726 1297 4779 ’1.
1442 4794 1446 4801 ¹

221 4829 348 4876 sumetur
365 4815 465 4888 pignus
482 4815 624 4868 remititte.
642 4813 667 4864 1.
689 4814 841 4868 Conuersus
858 4826 1001 4880 expressus
1051 4809 1082 4862 Si
1090 4809 1194 4863 deditur
1205 4809 1420 4878 satisfactionem
1432 4825 1542 4868 recuset.
1566 4817 1589 4868 1.
1616 4815 1696 4870 Circo
1720 4819 1869 4876 dietrectio·

223 4902 384 4972 regulariter
400 4907 485 4953 nocet.
512 4898 538 4950 3.
562 4897 625 4950 Non
650 4893 753 4966 srffficit
776 4895 915 4950 creditoris
938 4911 1001 4948 o-n·
1088 4911 1148 4947 nem
1159 4909 1228 4948 uero
1242 4893 1367 4949 distincte
1374 4897 1578 4964 procedendum.
1598 4899 1624 4952 1.
1637 4901 1869 4958 Demaenetum

222 4999 318 5042 senens
334 4985 363 5037 in
389 4979 575 5044 alienatione,
601 4980 650 5034 red
670 4980 803 5034 niienntio
829 4979 905 5034 dedet
925 4977 1003 5048 sequi
1087 4979 1206 5032 diccunt
1216 4979 1424 5035 desudstontin.
1443 4983 1469 5034 3.
1489 4985 1653 5039 Admom'tio
1675 5003 1737 5042 rero
1756 5002 1871 5045 nonest

221 5071 252 5124 in
269 5065 419 5142 effecturi.
439 5063 470 5118 st
486 5079 528 5117 res
546 5064 742 5130 ltrpotltecntc,
766 5083 837 5133 pune
860 5078 909 5129 per
930 5060 1003 5116 dedi·
1085 5063 1350 5131 purssudrtnrateidis.
1365 5064 1390 5116 t.
1403 5067 1513 5122 Fraude
1523 5069 1667 5123 commt'sss
1686 5089 1765 5138 quum
1788 5079 1870 5129 neten.

223 5166 308 5208 trem
325 5167 387 5204 curn
404 5165 537 5204 conseruo
547 5143 755 5215 creditor-isfuit
766 5148 897 5209 udienmn,
907 5154 1001 5216 posteo
1089 5164 1151 5201 nem
1164 5147 1416 5202 totunderunt.
1429 5150 1460 5200 Si
1468 5153 1587 5206 creditor
1605 5153 1657 5206 rite
1666 5155 1763 5222 pignus
1776 5160 1872 5212 nendi·

224 5257 243 5292 n
261 5233 381 5289 deditore
392 5229 482 5302 suerit
497 5247 527 5284 re
544 5229 691 5302 acquisito,
708 5246 744 5282 on
763 5228 894 5285 reincidat
906 5233 934 5283 in
954 5232 1001 5285 od·
1088 5229 1164 5294 derit.
1176 5240 1203 5284 et
1214 5232 1309 5284 tertius
1319 5249 1356 5284 οε
1363 5231 1426 5300 iure
1439 5234 1556 5288 dominii
1566 5235 1634 5288 tdut
1645 5236 1756 5297 evincet.
1769 5256 1806 5291 on
1814 5257 1871 5294 cre·

221 5320 387 5392 tigntionent.
411 5317 438 5369 1.
466 5316 606 5385 Quomodo
622 5313 718 5385 pignus
735 5314 815 5368 tacite
838 5317 1000 5370 remittatur.
1088 5313 1208 5368 ditcrud
1219 5313 1383 5369 evictionem
1395 5326 1527 5371 urentur.
1550 5319 1578 5370 d.
1596 5317 1754 5372 tinuatur.
1772 5323 1798 5372 t.
1820 5327 1868 5375 An

221 5403 292 5470 18.
1087 5398 1206 5452 creditor
1224 5398 1355 5455 ericticne
1375 5413 1465 5454 secuto
1489 5403 1588 5456 inient
1608 5419 1755 5472 regressum
1773 5419 1870 5460 contro

187 5481 454 5554 meentoitnrpimur
465 5498 569 5550 quoque
579 5489 707 5550 tempore.
725 5481 748 5550 ἓ·
760 5479 784 5532 ⁴·
1087 5483 1240 5536 debitorem.
1252 5483 1278 5536 8.
1291 5485 1417 5540 Creditur
1427 5503 1444 5538 n
1456 5485 1574 5540 debitore
1586 5497 1672 5549 potent
1683 5487 1794 5556 erigere
1806 5505 1869 5544 eeu.

189 5565 432 5634 Prneecn'ptione:
456 5580 492 5616 nn
511 5580 562 5634 per
580 5561 817 5634 praescriptionem
839 5563 1001 5618 trr'ennoiem
1087 5567 1190 5620 tionem
1201 5566 1234 5621 ds
1245 5567 1433 5625 conservando
1444 5585 1505 5624 eum
1516 5568 1670 5625 indemnem
1679 5571 1868 5629 sdevictione.

192 5735 194 5743 Ι
227 5647 420 5710 rescindatur?
433 5643 457 5720 5.
468 5649 492 5702 d.
1033 5713 1035 5720 Ι
1087 5657 1110 5736 1.
1126 5650 1153 5704 dt
