4252 6164
1006 201 1383 258 DISPUTATIO
1419 203 1467 260 xi.

1026 369 1083 437 De
1107 373 1245 439 astutiis
1270 369 1465 463 opilionum.
1503 459 1504 464 ἵ

294 634 393 679 Inestton
407 639 473 680 nasto.
519 627 540 686 i·
560 623 585 672 ¹·
605 551 746 680 Inuttnrt
765 616 894 670 ιιῑῖῠιῑθω
914 624 942 670 ⁰¹
963 614 1070 668 tetlitm
1082 654 1089 681 ι
1102 615 1246 686 dispositio
1259 621 1394 693 sequentis
1408 619 1491 690 capite
1507 617 1602 672 hebet:
1616 629 1672 690 post
1689 617 1777 674 modos
1790 617 1971 674 constitoendi

519 705 666 775 opiliones,
685 719 731 774 per
749 717 821 754 cesos
840 703 902 771 quid
921 701 988 756 atter
1005 701 1081 758 elteri
1102 715 1234 772 preeetere
1251 706 1366 772 debent,
1384 705 1529 767 eddonem,
1549 703 1620 757 inter
1637 722 1720 773 quse,
1740 721 1796 758 eom
1818 705 1890 759 dolus
1918 703 1970 758 ire·

519 790 723 860 quentissimum
743 789 788 858 sit,
804 787 834 838 in
853 787 938 856 specie
956 787 989 836 de
1008 785 1056 836 boc
1076 785 1142 838 nint
1164 791 1278 844 roexirne
1295 790 1421 860 spendore
1445 786 1579 859 proposui,
1597 787 1632 838 ite
1652 797 1681 839 ιιι
1700 786 1840 841 secundom
1861 786 1971 840 medoen

521 891 654 945 processus
672 885 725 926 ιιιιιι
744 871 874 925 ordinarii
895 882 949 924 tum
970 869 1150 940 inquisitoeii,
1172 883 1224 925 tum
1245 877 1362 944 primee,
1381 889 1433 931 torn
1454 873 1579 926 secundae
1605 871 1745 926 instantiae
1766 869 1919 944 procedem,
1942 875 1973 920 et

522 959 626 1011 tenelem
646 957 676 1009 ed
696 973 804 1028 poenam
824 959 929 1026 eiusque
946 959 1123 1008 executionem
1145 959 1308 1012 concludere.

287 1037 348 1098 Quid
358 1043 387 1087 sle
397 1043 472 1102 opttto.
556 1049 578 1104 §.
597 1043 621 1094 l.
639 1043 694 1095 Usu
713 1042 817 1112 quidem
838 1041 960 1108 frequens
979 1037 1128 1091 rocebnlum
1147 1043 1230 1110 opilio
1247 1055 1299 1109 est,¹
1313 1043 1414 1114 legibus
1433 1053 1518 1095 temen
1539 1039 1665 1093 Romsnis
1684 1039 1764 1091 semel
1785 1044 1901 1102 tentum,
1915 1053 1968 1106 que

519 1127 630 1179 memini
650 1137 751 1191 notum,
769 1125 797 1178 in
816 1127 833 1176 i.
854 1126 897 1174 60.
906 1121 948 1193 ff.
967 1123 1000 1176 de
1017 1123 1095 1190 legul.
1114 1126 1139 1174 6.
1160 1124 1203 1176 ubi
1226 1139 1320 1181 mntete
1339 1147 1354 1181 e
1373 1127 1400 1180 in
1421 1145 1436 1178 n
1455 1123 1555 1176 dicitur
1573 1123 1665 1194 upilio.
1677 1121 1720 1174 Est
1733 1139 1794 1175 sero
1807 1119 1889 1191 opilio
1906 1119 1969 1188 quie

518 1214 610 1276 ovilio,
628 1213 673 1281 qui
692 1228 752 1265 ores
771 1211 902 1263 custodit:
923 1210 1031 1261 Plenius
1048 1206 1077 1261 in
1098 1205 1250 1262 Asinaria:
1269 1210 1351 1264 etiam
1370 1211 1452 1284 opilio
1471 1211 1521 1281 qui
1533 1207 1619 1278 poenis
1640 1207 1744 1262 elienor
1763 1220 1831 1261 oves
1850 1203 1970 1275 eclipticus

522 1298 601 1350 bobes
616 1296 769 1366 peculatam
788 1315 841 1364 pou
861 1309 932 1358 spem
950 1294 1053 1346 soletur
1069 1307 1158 1345 rouen.

278 1385 495 1434 Pnnosmodoon-
552 1386 574 1450 §.
595 1386 619 1434 ³.
638 1381 841 1434 conertrooocu
857 1379 995 1450 opiliones,
1013 1388 1039 1430 et
1057 1379 1229 1450 utplurimum
1249 1397 1296 1450 per
1321 1380 1475 1434 locutionem
1499 1374 1712 1441 conductionem,
1736 1393 1786 1446 qne
1808 1371 1971 1429 eooreotoot

276 1449 495 1554 perrecondpopttper
515 1467 548 1521 de
565 1467 716 1538 praestendn
733 1466 879 1534 opilionum
898 1481 991 1534 opere,
1011 1477 1142 1532 procerte
1164 1465 1312 1518 mercedes
1332 1463 1441 1515 domino
1459 1461 1589 1516 solvende.
1790 1443 1793 1454 Ι

276 1519 491 1634 Ϊᾰξῶἴῖἷφη,
551 1553 574 1618 §.
594 1551 619 1603 l.
637 1548 708 1600 Hinc
726 1547 854 1616 obligetur
873 1548 965 1616 opilio,
984 1555 1013 1598 ot
1030 1563 1135 1616 operum
1156 1547 1310 1614 promissam
1331 1556 1457 1616 preestet,
1485 1543 1511 1597 id
1538 1556 1594 1609 eet,
1617 1561 1677 1598 ores
1703 1559 1882 1596 seminecum
1909 1539 1972 1594 dili·

515 1634 602 1705 geutie
622 1641 723 1685 trectet.
740 1631 758 1682 l.
778 1629 1120 1700 25.§.·1.fftoe.eono.
1139 1629 1184 1682 Est
1204 1631 1272 1699 quod
1291 1631 1376 1685 Coler.
1396 1633 1433 1684 im
1454 1634 1498 1682 li.
1516 1631 1592 1682 Bocle
1608 1649 1652 1683 om
1680 1630 1723 1680 22.
1747 1645 1809 1696 cop.
1836 1644 1894 1682 von
1919 1629 1970 1682 dee

515 1721 613 1774 Hirten
634 1717 710 1776 Aust,
730 1712 809 1767 dicit:
828 1715 886 1765 Er’n
903 1713 1100 1784 Scitanllirte
1116 1716 1171 1767 soll
1187 1715 1330 1784 oorsicletig
1346 1733 1421 1786 seyn,
1439 1714 1482 1768 die
1500 1715 1620 1783 Scleocse
1637 1713 1688 1768 tien
1707 1712 1807 1776 talen,
1828 1711 1970 1766 ibriones

515 1803 632 1862 sochen,
651 1797 709 1852 und
726 1815 782 1853 roos
801 1799 881 1850 idnen
899 1798 1062 1863 ecdocdlicie,
1084 1798 1197 1864 nissen,
1215 1800 1273 1852 und
1290 1801 1358 1852 nocis
1382 1803 1547 1869 Vermoepen
1565 1797 1705 1862 neodem,
1723 1795 1847 1850 dar-nocie
1863 1797 1969 1850 sotter

517 1887 587 1940 oncle
606 1885 655 1935 mit
672 1882 723 1935 den
740 1880 876 1951 Scdoosen
892 1881 999 1953 pelinde
1017 1883 1164 1951 engeten,
1183 1883 1242 1935 tend
1256 1881 1295 1936 sie
1313 1893 1376 1937 stete
1394 1881 1442 1934 nsit
1456 1880 1587 1952 fferffin,
1611 1881 1714 1935 eirenen
1734 1881 1791 1934 und
1807 1882 1901 1951 singen
1923 1882 1970 1935 de·

516 1970 629 2038 instigen
650 1967 707 2021 und
724 1963 850 2034 ersrcuen
870 1977 917 2018 ete.
937 1967 1017 2019 Aucis
1034 1966 1090 2018 soll
1105 1966 1148 2017 ein
1166 1967 1245 2020 Ilirte
1265 1967 1400 2020 niernoleir
1418 1967 1477 2020 coeit
1494 1983 1550 2019 von
1569 1966 1661 2019 seinen
1673 1963 1810 2032 Sciroofirr
1823 1980 1903 2034 reso,
1915 1963 1972 2016 soll

514 2053 571 2107 eicie
588 2050 648 2121 ons
656 2051 715 2103 dem
736 2048 819 2102 Felde
837 2049 909 2101 nicler
926 2050 1109 2103 niedersetcen
1127 2048 1193 2101 oder
1206 2068 1258 2120 por
1273 2052 1360 2122 liepen
1381 2051 1440 2105 und
1462 2053 1586 2122 scirderfen
1611 2061 1659 2104 etc.
1685 2051 1775 2102 Peccet
1797 2049 1885 2119 iteqnc
1910 2057 1969 2102 torn

515 2133 722 2197 committendo,
743 2141 796 2185 lum
815 2132 981 2202 omittendo,
998 2143 1082 2205 pute,
1101 2134 1124 2188 ei
1143 2131 1219 2200 iecit,
1238 2133 1307 2204 qood
1327 2133 1410 2189 iecere
1429 2153 1480 2188 non
1499 2134 1624 2198 debebet,
1644 2133 1684 2188 eei
1709 2132 1827 2198 omittit,
1843 2131 1914 2202 qood
1930 2125 1970 2182 is·

518 2237 576 2276 cere
593 2220 649 2285 eloe
666 2214 757 2272 cilicio
775 2218 957 2272 conveniebat.

276 2316 317 2362 Aa
342 2319 400 2376 potet
425 2319 491 2377 otttp.
552 2303 617 2366 65·
638 2300 767 2354 Dominus
785 2301 873 2358 ovium
894 2311 1025 2371 temqnem
1043 2301 1338 2372 condoctoeoperororo
1357 2303 1487 2373 obligetur
1506 2313 1562 2370 est,
1588 2313 1615 2354 ot
1640 2297 1788 2354 mercedem
1813 2311 1971 2353 conventam

276 2379 389 2426 Duntnoe.
517 2403 565 2457 pro
582 2400 661 2454 opere
680 2383 775 2443 solvet,
796 2384 946 2452 etquidem
966 2386 988 2440 si
1007 2403 1060 2439 non
1078 2388 1158 2442 alites
1174 2389 1340 2452 conveneris,
1359 2391 1462 2459 quondo
1479 2406 1511 2441 eo
1530 2390 1556 2440 in
1576 2389 1632 2441 loco
1651 2384 1677 2435 id
1695 2379 1869 2436 fieri-suerit.
1888 2385 1908 2436 l.
1923 2386 1969 2438 dl.

515 2470 541 2523 d.
562 2487 584 2520 r.
600 2466 621 2536 p‘.
640 2467 669 2520 Si
690 2482 736 2519 nec
755 2468 870 2534 regionis
890 2486 945 2521 mos
965 2482 1103 2540 opporeetp
1120 2475 1182 2542 quis
1201 2474 1287 2523 errius
1306 2471 1371 2536 ioil,
1392 2485 1527 2544 postquem
1548 2473 1592 2522 itte
1610 2485 1690 2540 opere
1707 2478 1745 2520 eet
1758 2469 1890 2536 preestite,
1906 2479 1970 2540 puts

517 2555 545 2607 in
563 2549 618 2604 fine
636 2552 716 2619 suoi,
736 2569 814 2606 menn
833 2568 864 2604 er
881 2553 974 2605 reinen
992 2553 1091 2608 Dienst
1109 2553 1293 2622 corpedolten.
1312 2572 1370 2624 arg.
1388 2556 1406 2608 i.
1427 2557 1470 2608 15.
1488 2555 1510 2625 ξ.
1531 2556 1556 2606 6.
1574 2555 1626 2607 loc.
1644 2551 1768 2606 condoct.

551 2633 574 2706 §-
593 2637 618 2687 6.
636 2635 739 2689 Merces
758 2635 834 2688 debet
852 2651 909 2688 esse
926 2648 996 2691 certe
1015 2649 1042 2691 et
1061 2638 1089 2690 in
1107 2641 1217 2709 pecunie
1237 2655 1369 2694 nemereus
1389 2641 1540 2706 consistere,
1558 2637 1676 2708 alioquin
1695 2653 1747 2688 non
1767 2645 1912 2690 coutimini
1932 2635 1972 2688 Ιο-

516 2722 628 2774 cutionis
646 2715 847 2784 conductionis,
866 2721 911 2774 sed
931 2721 1112 2776 innomioetos
1130 2736 1167 2778 est
1189 2724 1278 2777 initos.

277 2825 394 2872 secundus
414 2825 492 2870 mn„
552 2813 572 2870 ξ.
591 2808 616 2858 ’1.
635 2805 707 2858 Hinc
723 2805 864 2874 eliquendo
881 2804 960 2858 etiem
979 2807 1151 2860 constituitur
1169 2825 1216 2880 per
1234 2819 1393 2863 contencione
1413 2808 1622 2872 innominetorn,
1650 2817 1679 2861 ot
1703 2807 1725 2864 ti
1743 2806 1803 2877 qnit
1820 2803 1970 2875 opilionem

276 2893 364 2934 comete.
380 2901 422 2964 po·
439 2901 491 2930 ⁶⁰¹¹·
516 2891 567 2946 sibi
585 2889 692 2962 quidem
710 2891 879 2960 obligaverit,
898 2903 992 2946 certene
1012 2894 1157 2948 merc-edem
1178 2905 1266 2951 temen
1286 2895 1365 2948 initio
1382 2913 1433 2949 oon
1454 2893 1630 2948 constituerit.
1643 2909 1701 2961 urg.
1718 2891 1736 2944 t.
1754 2891 1779 2943 ri
1794 2890 1849 2942 lidi.
1862 2890 1913 2941 122
1922 2889 1970 2958 ff.

277 2959 372 3057 Zeton
398 2953 491 2994 renomi-
512 2998 540 3049 p.
558 2994 587 3029 v.
605 2986 631 3028 et
649 2981 668 3037 ς.
690 2979 714 3026 l·
736 2976 754 3028 i.
771 2977 822 3030 loc.
840 2977 918 3028 cond.
938 2985 982 3030 sut
1000 2987 1097 3030 certem
1118 2981 1263 3033 mercedem
1283 2981 1391 3051 uiridem
1409 2979 1597 3042 constituerit,
1613 2993 1679 3045 quse
1698 2986 1783 3028 temen
1803 2991 1854 3026 oon
1874 2983 1914 3027 est
1926 2989 1970 3043 pc·

515 3059 592 3112 cunin
610 3066 745 3108 numeret·
763 3057 779 3108 l.
799 3057 824 3109 5.
843 3055 865 3128 5.
886 3059 910 3112 l.
927 3078 953 3126 p.
973 3077 995 3112 o.
1013 3062 1081 3132 qood
1102 3059 1134 3114 fit
1151 3065 1172 3115 si
1191 3064 1336 3132 opilionem
1357 3067 1489 3137 recipiens
1514 3082 1562 3133 pro
1580 3063 1636 3130 ejus
1660 3078 1739 3128 opere
1759 3059 1890 3129 promittit
1908 3075 1970 3111 cer·

517 3153 572 3196 tuns
592 3157 730 3193 nnmerum
748 3141 835 3193 ovium
855 3143 884 3192 in
903 3143 958 3196 suis
975 3155 1001 3196 et
1018 3163 1076 3197 cum
1096 3148 1150 3198 sole
1170 3149 1225 3216 peti
1244 3150 1331 3216 pesci·‚
1352 3150 1410 3201 Der·
1425 3147 1552 3215 Sclaefir
1570 3163 1633 3213 mog
1650 3147 1712 3198 eine
1727 3145 1837 3214 gemisse
1855 3145 1970 3198 Anzan!

516 3223 630 3297 dciunfi
648 3224 706 3293 ons
716 3222 829 3276 meiuem
850 3225 948 3282 Grund
963 3227 1023 3282 und
1038 3229 1151 3295 Bedese,
1170 3231 1282 3284 nolensi
1301 3233 1404 3284 melnen
1422 3229 1556 3300 Seborfin
1578 3229 1693 3296 melden,
1713 3229 1771 3282 und
1786 3229 1834 3281 mit
1851 3230 1969 3282 meinero

518 3315 613 3370 Foster
628 3309 668 3364 rie
685 3307 861 3362 omnintern.

278 3418 392 3472 otttgeue
419 3415 471 3461 snae
553 3406 575 3460 §-
593 3399 621 3448 8.
637 3395 710 3445 Hinc
726 3393 856 3461 obligetur
873 3395 972 3464 opilio,
990 3405 1019 3448 ιιι
1036 3406 1081 3450 rot
1098 3413 1205 3462 opernm
1225 3397 1382 3466 promissum
1402 3398 1422 3449 l·
1440 3399 1464 3450 li.
1482 3399 1550 3464 §.2
1563 3398 1604 3468 ff
1618 3419 1644 3468 p.
1662 3415 1691 3452 o.
1704 3393 1755 3451 'sot
1772 3399 1795 3451 ei
1823 3397 1968 3464 detrectet,

268 3485 355 3540 flerem.
516 3485 643 3536 interesse
662 3489 771 3549 pesestet
790 3476 808 3527 l.
828 3477 853 3527 7.
872 3477 898 3529 d.
916 3489 935 3528 r.
954 3479 1082 3548 deturque
1100 3481 1195 3534 exinde
1214 3484 1256 3535 sel
1272 3483 1342 3554 ectio
1356 3483 1527 3554 praescriptis
1542 3484 1610 3538 reeb.
1625 3482 1812 3556 reincudietio
1825 3485 1883 3552 ejus
1896 3483 1967 3554 quod

515 3568 604 3618 dutum
623 3573 670 3625 eet,
690 3577 747 3630 erp.
765 3560 782 3610 l.
802 3557 844 3609 52.
858 3559 891 3626 'in
900 3557 1010 3628 fimff.
1030 3563 1062 3614 de
1078 3567 1158 3618 cond.
1177 3564 1296 3626 indebiti,
1317 3565 1448 3619 interdum
1468 3567 1547 3619 etiem
1568 3563 1678 3616 dedolo
1696 3564 1770 3616 ectio.

550 3651 573 3716 §.
591 3649 618 3700 9.
634 3647 698 3698 Dixi
717 3646 868 3714 plerumque
885 3642 944 3698 fieri
964 3664 1010 3716 per
1027 3649 1178 3703 locutionem
1198 3659 1241 3704 eut
1260 3667 1307 3721 pet·
1324 3659 1486 3703 contrectent
1506 3649 1710 3712 innominatum,
1731 3657 1876 3717 propterea
1900 3649 1965 3719 quie

285 3770 376 3814 Tm,
416 3765 492 3813 md„
515 3733 657 3803 eliquendo
674 3729 847 3792 cosrreniuot,
872 3739 899 3782 ot
916 3730 999 3798 opilio
1023 3743 1122 3786 certum
1151 3751 1286 3789 numerum
1305 3737 1391 3788 orium
1412 3735 1543 3798 conseret,
1562 3733 1617 3786 imo
1635 3729 1751 3794 elicobi,
1771 3727 1844 3798 otio
1862 3733 1970 3786 elector.

278 3837 364 3878 comete.
385 3844 426 3892 per
444 3845 494 3875 eon-
517 3815 662 3871 brendenb.
679 3823 819 3881 receptum.
839 3811 923 3866 Celer.
941 3814 987 3866 ttt.
1007 3816 1050 3866 12.
1068 3834 1126 3889 cop.
1146 3821 1189 3871 85.
1206 3839 1268 3891 pop.
1288 3819 1347 3870 tte.
1370 3819 1396 3871 in
1417 3819 1487 3871 reeb.
1506 3817 1623 3871 nemiicie
1647 3817 1712 3869 dese
1736 3810 1868 3882 iu'njiiirro
1893 3818 1970 3870 nt'etn

283 3902 376 3938 enecone
385 3897 460 3939 recten
519 3899 599 3966 nilein
619 3901 649 3950 in
666 3914 761 3960 noser,
780 3897 897 3950 sondern
916 3898 944 3950 in
961 3899 1036 3954 otten
1054 3900 1245 3974 Scdoesereyen
1264 3917 1360 3958 renem
1381 3902 1652 3972 Citotfrirstentienms
1677 3898 1727 3952 mit
1749 3901 1799 3954 den
1818 3900 1971 3970 Schnefem

518 3982 577 4054 eof
584 3975 752 4048 dossitnffre
769 3983 862 4048 Haupt
878 3980 908 4034 in
923 3981 1027 4050 gemein
1043 3998 1156 4056 gereteet
1175 3991 1276 4044 werden
1297 3990 1366 4049 soil,
1384 3990 1555 4044 communiter
1579 3997 1686 4052 rceent,
1707 3987 1759 4040 dor
1775 3989 1968 4058 Mense-Visis.

520 4070 571 4121 Per
589 4067 669 4120 ndem
689 4066 883 4118 consentionem
902 4065 1030 4120 receditur
1047 4089 1061 4120 ιι
1079 4085 1170 4125 neture
1188 4073 1326 4126 locetionis
1343 4073 1526 4127 conductionis
1543 4074 1561 4126 l.
1582 4075 1625 4126 62.
1643 4079 1665 4135 ς.
1683 4072 1710 4126 2.
1724 4089 1775 4139 pro
1797 4074 1871 4126 cocio
1895 4075 1967 4128 nerd-

519 4157 677 4210 celestinum
694 4169 773 4219 pecus
790 4149 818 4200 in
836 4167 980 4202 commone
1001 4157 1170 4217 poscendum.
1195 4155 1229 4208 Et
1252 4157 1334 4226 opilio
1359 4158 1486 4212 societatis
1511 4159 1568 4223 iore
1594 4141 1719 4210 donnons
1746 4166 1772 4207 et
1795 4156 1896 4208 lucrum
1919 4175 1971 4228 pro

518 4241 663 4312 quantitate
679 4240 750 4290 illete
770 4254 828 4310 eum
847 4233 954 4286 domino
973 4239 1091 4304 pertitus.
1110 4243 1174 4294 vid.
1192 4241 1277 4294 Coler.
1296 4243 1321 4293 d.
1339 4242 1357 4294 l.
1377 4245 1449 4294 verb.
1474 4245 1540 4302 Wos
1558 4243 1626 4297 uber
1643 4261 1676 4296 en
1697 4238 1901 4310 Anseezieleong
1917 4243 1968 4295 der·

517 4328 661 4378 Loemmer
676 4339 714 4373 uu
733 4323 827 4380 Korn,
845 4320 941 4372 nonme
958 4321 1016 4372 und
1031 4323 1107 4377 noto
1124 4327 1294 4381 nonnoetlen
1311 4341 1376 4395 seyn
1394 4325 1479 4392 mind,
1497 4325 1552 4378 roll
1579 4323 1629 4376 den
1647 4323 1756 4393 Sebnof
1766 4323 1896 4376 Meister-o
1915 4325 1977 4394 oros

517 4409 562 4462 itu·
568 4405 689 4476 sordem
707 4407 847 4458 oerordnet
866 4409 991 4471 werden,
1009 4408 1078 4462 deon
1095 4408 1181 4460 rollen
1200 4409 1244 4462 die
1259 4408 1390 4479 Sedoefirr
1408 4405 1578 4478 dnsftlnffle
1601 4407 1678 4461 Tleer'l
1696 4427 1728 4461 eo
1753 4407 1861 4478 erlepen
1877 4409 1967 4461 sellul-

519 4495 563 4562 ‹ttg
579 4504 654 4558 refu.
672 4501 696 4542 et
712 4505 770 4556 cop.
788 4491 833 4542 86.
849 4508 913 4562 pag.
932 4494 995 4547 lid.
1011 4491 1086 4554 dicit,
1105 4491 1173 4560 qood
1192 4505 1214 4546 et
1234 4495 1427 4546 demortuorum
1445 4494 1537 4561 quinte
1555 4507 1617 4560 pers
1634 4491 1796 4562 opilionibus
1815 4491 1910 4546 domno
1929 4494 1966 4546 sit

519 4576 548 4628 in
567 4574 639 4627 verb.
660 4573 720 4625 Dor
735 4572 888 4640 orofsollen
908 4579 978 4632 oncle
994 4588 1045 4631 etc·
1063 4575 1106 4630 die
1125 4577 1214 4630 Odren
1232 4595 1264 4630 zu
1283 4575 1334 4629 den
1353 4577 1464 4642 Felleu,
1482 4577 1525 4630 die
1540 4575 1667 4645 Seipoeser·
1683 4593 1717 4628 co
1737 4575 1821 4627 torem
1829 4571 1967 4642 floreffien

522 4659 602 4715 Jnett
618 4657 786 4717 delommen,
804 4674 861 4708 uon
879 4661 967 4712 denen
985 4678 1016 4716 ro
1037 4661 1084 4726 ier
1101 4660 1150 4713 der
1166 4661 1315 4730 neetrnong
1330 4679 1396 4732 seyn
1414 4664 1610 4730 obgerclenitten
1631 4661 1745 4715 worden
1760 4659 1835 4710 idem
1849 4658 1968 4728 depertc

519 4746 585 4797 lucri
603 4743 677 4796 dicit.
696 4741 719 4792 d
738 4759 794 4808 cop·
811 4759 870 4811 pag.
889 4741 950 4797 lto.
968 4745 995 4800 iu
1016 4744 1084 4802 rerb-
1109 4745 1193 4798 Wenu
1212 4763 1264 4800 ons
1281 4745 1359 4816 oder,
1380 4757 1406 4797 ιι
1430 4747 1458 4800 iu
1488 4748 1558 4799 rerb.
1584 4743 1741 4816 inpler'clrem
1765 4743 1818 4795 roll
1842 4760 1869 4795 ee
1896 4745 1969 4798 oncle

521 4829 570 4880 mit
586 4829 635 4882 der
657 4825 743 4880 Wolle
757 4825 883 4893 geleiten
902 4833 1026 4894 werden,
1045 4831 1101 4883 und
1115 4828 1212 4883 scheid
1228 4831 1339 4884 disselbe
1356 4831 1561 4901 odgenommen,
1580 4829 1632 4886 den
1646 4827 1791 4896 dolensem
1804 4821 1969 4896 derflsnffle

526 4910 601 4964 nien
624 4908 721 4970 Wolle,
743 4905 930 4978 odensiinffle
947 4915 1070 4983 Psennip
1086 4915 1237 4984 sogeeteilet
1254 4915 1367 4968 werden.
1387 4918 1462 4985 Quod
1481 4918 1599 4971 convenit
1622 4915 1724 4983 repulse
1741 4913 1891 4973 societatis,
1915 4929 1966 4983 qne

521 5006 606 5064 portes
625 4992 689 5042 locri
709 5004 733 5042 et
752 4989 841 5044 domni
860 4994 956 5048 debent
974 5016 1029 5052 esee
1049 4999 1259 5068 proportionetse
1277 4999 1354 5053 rebus
1373 5001 1454 5053 illotis
1472 5002 1491 5052 l.
1508 5001 1553 5052 29.
1571 5014 1622 5065 per·
1638 4999 1656 5050 l.
1676 4998 1720 5049 80.
1730 4992 1772 5063 ff.
1784 5013 1836 5060 pro
1854 5011 1910 5050 soc.
1922 4999 1967 5048 oi·

523 5081 618 5128 mirum
638 5076 705 5126 sicot
722 5091 749 5126 se
768 5075 845 5128 hebet
863 5095 919 5132 sors
938 5081 1009 5134 illuto
1027 5083 1059 5135 ed
1078 5082 1186 5135 slteeios
1204 5095 1309 5148 sortem,
1328 5085 1364 5137 its
1383 5091 1485 5156 qo'oque
1503 5103 1531 5138 se
1550 5085 1643 5136 hebere
1661 5079 1739 5134 debet
1755 5083 1856 5134 tucrum
1869 5081 1908 5132 rei
1921 5079 1967 5134 de-

524 5178 613 5212 muum
633 5161 709 5225 holos
727 5159 790 5211 socii
810 5161 842 5212 ed
862 5161 962 5216 lucrum
982 5166 1022 5219 rel
1039 5167 1163 5218 demonio
1183 5167 1301 5219 ulterius.

286 5247 386 5302 obtegat.
412 5263 443 5292 es
461 5245 499 5293 loc
558 5247 581 5309 §.
601 5245 642 5294 ιι).
662 5243 799 5312 Obligstor
816 5261 847 5297 ex
866 5247 915 5298 boc
933 5261 1068 5304 contrecto
1085 5252 1170 5322 opilio
1188 5261 1215 5305 et
1233 5252 1355 5306 dominus
1371 5270 1452 5322 senne
1477 5254 1674 5326 principaliter,
1701 5260 1756 5304 tom
1783 5258 1812 5300 ot
1834 5264 1894 5300 ores
1920 5263 1967 5318 pro

285 5317 389 5355 ‘⁰¹¹⁸'““·
524 5331 665 5398 qumtitete
681 5338 804 5379 consentu
821 5329 967 5399 conserent,
986 5345 1030 5388 sut
1047 5337 1176 5389 interesse
1193 5346 1340 5406 praestent,
1360 5335 1468 5406 magnii.
1493 5338 1592 5392 domin.
1619 5339 1708 5390 strue.
1732 5349 1821 5388 enerc-
1849 5333 1887 5388 od
1904 5333 1929 5384 d.
1947 5341 1967 5382 t.

523 5413 559 5547 pp.
578 5412 618 5461 23.
638 5429 682 5480 pr.
702 5410 781 5464 Becb.
799 5410 831 5464 ed
852 5416 930 5469 vves.
948 5433 976 5470 n.
995 5418 1020 5470 2.
1037 5421 1062 5474 ιι.
1081 5431 1100 5473 r.
1121 5432 1175 5474 ιιιιιι
1195 5430 1222 5475 ot
1239 5419 1340 5477 iructns
1357 5421 1375 5476 l.
1394 5423 1438 5476 ³8.
1456 5422 1480 5493 5.
1500 5426 1526 5474 1.
1542 5433 1570 5476 et
1588 5422 1682 5476 demus
1701 5417 1896 5475 communicent
1918 5431 1969 5487 per

542 5534 548 5546 .
566 5506 633 5551 itti.
