<?xml version="1.0" encoding="UTF-8"?>
<!DOCTYPE html PUBLIC "-//W3C//DTD XHTML 1.0 Transitional//EN"
    "http://www.w3.org/TR/xhtml1/DTD/xhtml1-transitional.dtd">
<html xmlns="http://www.w3.org/1999/xhtml" xml:lang="en" lang="en">
 <head>
  <title>
</title>
<meta http-equiv="Content-Type" content="text/html;charset=utf-8" />
  <meta name='ocr-system' content='tesseract 3.04.00' />
  <meta name='ocr-capabilities' content='ocr_page ocr_carea ocr_par ocr_line ocrx_word'/>
</head>
<body>
  <div class='ocr_page' id='page_1' title='image "./samuelisstrykii05schogoog_0373.png"; bbox 0 0 4442 6158; ppageno 0'>
   <div class='ocr_carea' id='block_1_1' title="bbox 267 321 1842 394">
    <p class='ocr_par' dir='ltr' id='par_1_1' title="bbox 267 321 1842 394">
     <span class='ocr_line' id='line_1_1' title="bbox 267 321 1842 394; baseline 0.002 -14"><span class='ocrx_word' id='word_1_1' title='bbox 267 327 321 382; x_wconf 81' lang='lat' dir='ltr'>&#39;tot</span> <span class='ocrx_word' id='word_1_2' title='bbox 781 325 832 380; x_wconf 72' lang='lat' dir='ltr'>DE</span> <span class='ocrx_word' id='word_1_3' title='bbox 846 323 1012 381; x_wconf 72' lang='lat' dir='ltr'>nuruum</span> <span class='ocrx_word' id='word_1_4' title='bbox 1022 321 1234 379; x_wconf 75' lang='lat' dir='ltr'>tttttnttttttt</span> <span class='ocrx_word' id='word_1_5' title='bbox 1251 321 1312 378; x_wconf 75' lang='lat' dir='ltr'>tt&#39;rit</span> <span class='ocrx_word' id='word_1_6' title='bbox 1789 329 1842 394; x_wconf 69' lang='lat'>*108</span> 
     </span>
    </p>
   </div>
   <div class='ocr_carea' id='block_1_2' title="bbox 150 419 1951 2826">
    <p class='ocr_par' dir='ltr' id='par_1_2' title="bbox 150 419 1951 2826">
     <span class='ocr_line' id='line_1_2' title="bbox 212 419 1903 506; baseline 0.007 -28"><span class='ocrx_word' id='word_1_7' title='bbox 212 425 256 480; x_wconf 78' lang='lat' dir='ltr'>nel</span> <span class='ocrx_word' id='word_1_8' title='bbox 274 441 429 496; x_wconf 85' lang='lat' dir='ltr'>perennent,</span> <span class='ocrx_word' id='word_1_9' title='bbox 448 424 527 482; x_wconf 90' lang='lat' dir='ltr'>eleuti</span> <span class='ocrx_word' id='word_1_10' title='bbox 552 423 581 480; x_wconf 91' lang='lat' dir='ltr'>in</span> <span class='ocrx_word' id='word_1_11' title='bbox 604 423 687 492; x_wconf 88' lang='lat' dir='ltr'>eliue,</span> <span class='ocrx_word' id='word_1_12' title='bbox 711 421 785 480; x_wconf 88' lang='lat' dir='ltr'>nibil</span> <span class='ocrx_word' id='word_1_13' title='bbox 802 435 911 480; x_wconf 88' lang='lat' dir='ltr'>etetueee</span> <span class='ocrx_word' id='word_1_14' title='bbox 928 424 1027 494; x_wconf 82' lang='lat' dir='ltr'>puerit,</span> <span class='ocrx_word' id='word_1_15' title='bbox 1078 421 1161 476; x_wconf 84' lang='lat' dir='ltr'>reicit</span> <span class='ocrx_word' id='word_1_16' title='bbox 1179 421 1354 488; x_wconf 68' lang='lat' dir='ltr'>electoribus,</span> <span class='ocrx_word' id='word_1_17' title='bbox 1371 429 1398 476; x_wconf 89' lang='lat' dir='ltr'>et</span> <span class='ocrx_word' id='word_1_18' title='bbox 1416 419 1531 477; x_wconf 81' lang='lat' dir='ltr'>atatttana</span> <span class='ocrx_word' id='word_1_19' title='bbox 1544 421 1653 498; x_wconf 76' lang='lat' dir='ltr'>inparti</span> <span class='ocrx_word' id='word_1_20' title='bbox 1671 427 1711 484; x_wconf 79' lang='lat' dir='ltr'>iet</span> <span class='ocrx_word' id='word_1_21' title='bbox 1724 442 1782 486; x_wconf 84' lang='lat' dir='ltr'>cete</span> <span class='ocrx_word' id='word_1_22' title='bbox 1795 431 1903 506; x_wconf 60' lang='lat' dir='ltr'>debere}</span> 
     </span>
     <span class='ocr_line' id='line_1_3' title="bbox 216 500 1900 583; baseline 0.001 -24"><span class='ocrx_word' id='word_1_23' title='bbox 216 523 280 560; x_wconf 85' lang='lat' dir='ltr'>neue</span> <span class='ocrx_word' id='word_1_24' title='bbox 298 511 371 562; x_wconf 84' lang='lat' dir='ltr'>enirn</span> <span class='ocrx_word' id='word_1_25' title='bbox 391 511 458 577; x_wconf 77' lang='lat' dir='ltr'>juvia</span> <span class='ocrx_word' id='word_1_26' title='bbox 475 510 592 580; x_wconf 73' lang='lat' dir='ltr'>publici,</span> <span class='ocrx_word' id='word_1_27' title='bbox 605 528 635 566; x_wconf 82' lang='lat' dir='ltr'>eo</span> <span class='ocrx_word' id='word_1_28' title='bbox 653 507 721 583; x_wconf 88' lang='lat' dir='ltr'>quod</span> <span class='ocrx_word' id='word_1_29' title='bbox 740 517 824 563; x_wconf 86' lang='lat' dir='ltr'>atetne</span> <span class='ocrx_word' id='word_1_30' title='bbox 842 507 949 578; x_wconf 81' lang='lat' dir='ltr'>imperii</span> <span class='ocrx_word' id='word_1_31' title='bbox 968 516 1009 562; x_wconf 84' lang='lat' dir='ltr'>eut</span> <span class='ocrx_word' id='word_1_32' title='bbox 1019 546 1029 574; x_wconf 92' lang='lat'>,</span> <span class='ocrx_word' id='word_1_33' title='bbox 1079 524 1132 562; x_wconf 89' lang='lat' dir='ltr'>nun</span> <span class='ocrx_word' id='word_1_34' title='bbox 1150 505 1341 574; x_wconf 81' lang='lat' dir='ltr'>obtemperare,</span> <span class='ocrx_word' id='word_1_35' title='bbox 1360 500 1465 559; x_wconf 88' lang='lat' dir='ltr'>iirvneri</span> <span class='ocrx_word' id='word_1_36' title='bbox 1483 506 1601 571; x_wconf 88' lang='lat' dir='ltr'>videtur,</span> <span class='ocrx_word' id='word_1_37' title='bbox 1619 513 1823 580; x_wconf 55' lang='lat' dir='ltr'>memorat</span> <span class='ocrx_word' id='word_1_38' title='bbox 1837 534 1900 573; x_wconf 63' lang='lat'>002.</span> 
     </span>
     <span class='ocr_line' id='line_1_4' title="bbox 212 577 1898 668; baseline 0.008 -27"><span class='ocrx_word' id='word_1_39' title='bbox 212 604 353 658; x_wconf 84' lang='lat' dir='ltr'>pereonenn</span> <span class='ocrx_word' id='word_1_40' title='bbox 372 595 427 664; x_wconf 72' lang='lat' dir='ltr'>eiua</span> <span class='ocrx_word' id='word_1_41' title='bbox 446 595 577 663; x_wconf 83' lang='lat' dir='ltr'>praeeritit</span> <span class='ocrx_word' id='word_1_42' title='bbox 607 591 803 658; x_wconf 75' lang='lat' dir='ltr'>inviolabilem,</span> <span class='ocrx_word' id='word_1_43' title='bbox 821 577 855 644; x_wconf 81' lang='lat' dir='ltr'>vic</span> <span class='ocrx_word' id='word_1_44' title='bbox 876 609 929 662; x_wconf 92' lang='lat' dir='ltr'>quo</span> <span class='ocrx_word' id='word_1_45' title='bbox 956 601 1029 648; x_wconf 70' lang='lat' dir='ltr'>cunt·</span> <span class='ocrx_word' id='word_1_46' title='bbox 1080 600 1119 644; x_wconf 91' lang='lat' dir='ltr'>tre</span> <span class='ocrx_word' id='word_1_47' title='bbox 1138 591 1352 660; x_wconf 82' lang='lat' dir='ltr'>capitulationem</span> <span class='ocrx_word' id='word_1_48' title='bbox 1379 599 1481 658; x_wconf 71' lang='lat' dir='ltr'>egeret,</span> <span class='ocrx_word' id='word_1_49' title='bbox 1513 592 1664 662; x_wconf 73' lang='lat' dir='ltr'>neutiquam</span> <span class='ocrx_word' id='word_1_50' title='bbox 1693 607 1823 668; x_wconf 87' lang='lat' dir='ltr'>poteetate</span> <span class='ocrx_word' id='word_1_51' title='bbox 1851 617 1898 658; x_wconf 88' lang='lat' dir='ltr'>eue</span> 
     </span>
     <span class='ocr_line' id='line_1_5' title="bbox 213 671 1895 750; baseline 0.007 -26"><span class='ocrx_word' id='word_1_52' title='bbox 213 671 248 726; x_wconf 82' lang='lat' dir='ltr'>de</span> <span class='ocrx_word' id='word_1_53' title='bbox 264 686 407 741; x_wconf 77' lang='lat' dir='ltr'>eupremut.</span> <span class='ocrx_word' id='word_1_54' title='bbox 425 679 509 746; x_wconf 80' lang='lat' dir='ltr'>pnite.</span> <span class='ocrx_word' id='word_1_55' title='bbox 525 695 646 748; x_wconf 72' lang='lat' dir='ltr'>geenne.</span> <span class='ocrx_word' id='word_1_56' title='bbox 664 679 709 729; x_wconf 79' lang='lat' dir='ltr'>nt.</span> <span class='ocrx_word' id='word_1_57' title='bbox 1081 671 1231 736; x_wconf 70' lang='lat' dir='ltr'>excideretq</span> <span class='ocrx_word' id='word_1_58' title='bbox 1261 674 1342 726; x_wconf 82' lang='lat' dir='ltr'>tutiue</span> <span class='ocrx_word' id='word_1_59' title='bbox 1370 673 1477 743; x_wconf 85' lang='lat' dir='ltr'>quidem</span> <span class='ocrx_word' id='word_1_60' title='bbox 1511 691 1538 726; x_wconf 89' lang='lat' dir='ltr'>ee</span> <span class='ocrx_word' id='word_1_61' title='bbox 1568 676 1686 732; x_wconf 72' lang='lat' dir='ltr'>doctores</span> <span class='ocrx_word' id='word_1_62' title='bbox 1716 677 1752 734; x_wconf 86' lang='lat' dir='ltr'>ab&#39;</span> <span class='ocrx_word' id='word_1_63' title='bbox 1767 683 1895 750; x_wconf 78' lang='lat' dir='ltr'>eiuetuodl</span> 
     </span>
     <span class='ocr_line' id='line_1_6' title="bbox 160 747 1899 834; baseline 0.007 -24"><span class='ocrx_word' id='word_1_64' title='bbox 160 747 199 804; x_wconf 75' lang='lat'>1⁸</span> <span class='ocrx_word' id='word_1_65' title='bbox 251 757 283 812; x_wconf 84' lang='lat' dir='ltr'>Et</span> <span class='ocrx_word' id='word_1_66' title='bbox 299 759 348 813; x_wconf 87' lang='lat' dir='ltr'>ltoc</span> <span class='ocrx_word' id='word_1_67' title='bbox 365 778 423 814; x_wconf 86' lang='lat' dir='ltr'>eeae</span> <span class='ocrx_word' id='word_1_68' title='bbox 438 760 598 832; x_wconf 85' lang='lat' dir='ltr'>opinemur,</span> <span class='ocrx_word' id='word_1_69' title='bbox 624 761 729 832; x_wconf 86' lang='lat' dir='ltr'>quando</span> <span class='ocrx_word' id='word_1_70' title='bbox 759 759 788 814; x_wconf 89' lang='lat' dir='ltr'>in</span> <span class='ocrx_word' id='word_1_71' title='bbox 816 759 896 828; x_wconf 83' lang='lat' dir='ltr'>eupit.</span> <span class='ocrx_word' id='word_1_72' title='bbox 923 763 1031 819; x_wconf 56' lang='grc' dir='ltr'>δαείην.</span> <span class='ocrx_word' id='word_1_73' title='bbox 1080 755 1266 810; x_wconf 81' lang='lat' dir='ltr'>coutrovereiia</span> <span class='ocrx_word' id='word_1_74' title='bbox 1284 755 1415 810; x_wconf 87' lang='lat' dir='ltr'>abetinere</span> <span class='ocrx_word' id='word_1_75' title='bbox 1432 757 1593 812; x_wconf 68' lang='lat' dir='ltr'>arbitramur</span> <span class='ocrx_word' id='word_1_76' title='bbox 1618 761 1646 813; x_wconf 91' lang='lat' dir='ltr'>in</span> <span class='ocrx_word' id='word_1_77' title='bbox 1665 764 1827 834; x_wconf 84' lang='lat' dir='ltr'>jurepulaiicu</span> <span class='ocrx_word' id='word_1_78' title='bbox 1844 784 1899 824; x_wconf 89' lang='lat' dir='ltr'>non</span> 
     </span>
     <span class='ocr_line' id='line_1_7' title="bbox 213 840 1898 917; baseline 0.004 -21"><span class='ocrx_word' id='word_1_79' title='bbox 213 843 348 913; x_wconf 80' lang='lat' dir='ltr'>leopold.</span> <span class='ocrx_word' id='word_1_80' title='bbox 366 845 444 900; x_wconf 79' lang='lat' dir='ltr'>urtie.</span> <span class='ocrx_word' id='word_1_81' title='bbox 463 846 508 900; x_wconf 80' lang='lat' dir='ltr'>ll.</span> <span class='ocrx_word' id='word_1_82' title='bbox 526 845 704 917; x_wconf 80' lang='lat' dir='ltr'>infinesare</span> <span class='ocrx_word' id='word_1_83' title='bbox 722 845 856 900; x_wconf 78' lang='lat' dir='ltr'>etetnitnrv</span> <span class='ocrx_word' id='word_1_84' title='bbox 879 845 940 897; x_wconf 77' lang='lat' dir='ltr'>uatt</span> <span class='ocrx_word' id='word_1_85' title='bbox 961 845 1031 900; x_wconf 83' lang='lat' dir='ltr'>nucia</span> <span class='ocrx_word' id='word_1_86' title='bbox 1082 840 1193 893; x_wconf 70' lang='lat' dir='ltr'>decicit:</span> <span class='ocrx_word' id='word_1_87' title='bbox 1211 853 1269 891; x_wconf 69' lang='lat' dir='ltr'>tum</span> <span class='ocrx_word' id='word_1_88' title='bbox 1290 851 1377 893; x_wconf 78' lang='lat' dir='ltr'>temen</span> <span class='ocrx_word' id='word_1_89' title='bbox 1409 840 1563 906; x_wconf 74' lang='lat' dir='ltr'>invaluerit,</span> <span class='ocrx_word' id='word_1_90' title='bbox 1593 859 1641 896; x_wconf 91' lang='lat' dir='ltr'>nec</span> <span class='ocrx_word' id='word_1_91' title='bbox 1671 847 1746 914; x_wconf 86' lang='lat' dir='ltr'>peuci</span> <span class='ocrx_word' id='word_1_92' title='bbox 1778 848 1898 906; x_wconf 73' lang='lat' dir='ltr'>eenadm</span> 
     </span>
     <span class='ocr_line' id='line_1_8' title="bbox 213 924 1899 1000; baseline 0.006 -22"><span class='ocrx_word' id='word_1_93' title='bbox 213 924 300 978; x_wconf 74' lang='lat' dir='ltr'>duruit</span> <span class='ocrx_word' id='word_1_94' title='bbox 326 925 401 980; x_wconf 82' lang='lat' dir='ltr'>einer</span> <span class='ocrx_word' id='word_1_95' title='bbox 424 927 493 983; x_wconf 78' lang='lat' dir='ltr'>oder</span> <span class='ocrx_word' id='word_1_96' title='bbox 523 931 626 984; x_wconf 80' lang='lat' dir='ltr'>andern</span> <span class='ocrx_word' id='word_1_97' title='bbox 659 939 737 984; x_wconf 76' lang='lat' dir='ltr'>untur</span> <span class='ocrx_word' id='word_1_98' title='bbox 762 925 948 998; x_wconf 63' lang='lat' dir='ltr'>Gdursttnten</span> <span class='ocrx_word' id='word_1_99' title='bbox 976 931 1034 984; x_wconf 86' lang='lat' dir='ltr'>und</span> <span class='ocrx_word' id='word_1_100' title='bbox 1082 924 1136 975; x_wconf 79' lang='lat' dir='ltr'>tibi</span> <span class='ocrx_word' id='word_1_101' title='bbox 1156 924 1316 979; x_wconf 81' lang='lat' dir='ltr'>taaatautana</span> <span class='ocrx_word' id='word_1_102' title='bbox 1335 924 1512 994; x_wconf 68' lang='lat' dir='ltr'>sumpserint,</span> <span class='ocrx_word' id='word_1_103' title='bbox 1531 927 1696 981; x_wconf 81' lang='lat' dir='ltr'>ecmonnbia</span> <span class='ocrx_word' id='word_1_104' title='bbox 1712 930 1779 984; x_wconf 84' lang='lat' dir='ltr'>vitio</span> <span class='ocrx_word' id='word_1_105' title='bbox 1796 945 1899 1000; x_wconf 84' lang='lat' dir='ltr'>vertet,</span> 
     </span>
     <span class='ocr_line' id='line_1_9' title="bbox 216 1007 1897 1090; baseline 0.001 -32"><span class='ocrx_word' id='word_1_106' title='bbox 216 1007 412 1062; x_wconf 83' lang='lat' dir='ltr'>Stoendender</span> <span class='ocrx_word' id='word_1_107' title='bbox 429 1011 543 1064; x_wconf 79' lang='lat' dir='ltr'>Reicbee</span> <span class='ocrx_word' id='word_1_108' title='bbox 569 1012 714 1064; x_wconf 79' lang='lat' dir='ltr'>Geeeetene</span> <span class='ocrx_word' id='word_1_109' title='bbox 738 1010 797 1065; x_wconf 85' lang='lat' dir='ltr'>und</span> <span class='ocrx_word' id='word_1_110' title='bbox 819 1011 979 1082; x_wconf 64' lang='lat' dir='ltr'>Begitterten</span> <span class='ocrx_word' id='word_1_111' title='bbox 1001 1028 1033 1062; x_wconf 86' lang='lat' dir='ltr'>eu</span> <span class='ocrx_word' id='word_1_112' title='bbox 1083 1007 1152 1080; x_wconf 91' lang='lat' dir='ltr'>quud</span> <span class='ocrx_word' id='word_1_113' title='bbox 1180 1023 1213 1061; x_wconf 79' lang='lat' dir='ltr'>eu</span> <span class='ocrx_word' id='word_1_114' title='bbox 1243 1009 1417 1078; x_wconf 77' lang='lat' dir='ltr'>opinionibus</span> <span class='ocrx_word' id='word_1_115' title='bbox 1449 1010 1495 1069; x_wconf 82' lang='lat' dir='ltr'>laec</span> <span class='ocrx_word' id='word_1_116' title='bbox 1511 1010 1568 1067; x_wconf 81' lang='lat' dir='ltr'>eice</span> <span class='ocrx_word' id='word_1_117' title='bbox 1585 1013 1790 1068; x_wconf 70' lang='lat' dir='ltr'>innocentiorem</span> <span class='ocrx_word' id='word_1_118' title='bbox 1814 1017 1897 1090; x_wconf 63' lang='lat' dir='ltr'>elego.</span> 
     </span>
     <span class='ocr_line' id='line_1_10' title="bbox 213 1085 1174 1162; baseline 0.005 -23"><span class='ocrx_word' id='word_1_119' title='bbox 213 1085 320 1142; x_wconf 67' lang='lat' dir='ltr'>notaria</span> <span class='ocrx_word' id='word_1_120' title='bbox 339 1089 451 1145; x_wconf 80' lang='lat' dir='ltr'>Stnntier</span> <span class='ocrx_word' id='word_1_121' title='bbox 467 1091 619 1162; x_wconf 71' lang='lat' dir='ltr'>Evtatang</span> <span class='ocrx_word' id='word_1_122' title='bbox 637 1094 696 1148; x_wconf 82' lang='lat' dir='ltr'>dem</span> <span class='ocrx_word' id='word_1_123' title='bbox 715 1093 764 1160; x_wconf 76' lang='lat' dir='ltr'>iuri</span> <span class='ocrx_word' id='word_1_124' title='bbox 784 1093 940 1146; x_wconf 86' lang='lat' dir='ltr'>territoriali</span> <span class='ocrx_word' id='word_1_125' title='bbox 959 1095 1033 1147; x_wconf 87' lang='lat' dir='ltr'>nicitt</span> <span class='ocrx_word' id='word_1_126' title='bbox 1084 1095 1174 1148; x_wconf 80' lang='lat' dir='ltr'>ritune.</span> 
     </span>
     <span class='ocr_line' id='line_1_11' title="bbox 212 1172 1897 1252; baseline 0.004 -30"><span class='ocrx_word' id='word_1_127' title='bbox 212 1172 380 1243; x_wconf 73' lang='lat' dir='ltr'>nuolttiaeilig</span> <span class='ocrx_word' id='word_1_128' title='bbox 395 1193 477 1245; x_wconf 66' lang='lat' dir='ltr'>atyn,</span> <span class='ocrx_word' id='word_1_129' title='bbox 496 1178 554 1229; x_wconf 84' lang='lat' dir='ltr'>und</span> <span class='ocrx_word' id='word_1_130' title='bbox 571 1175 614 1229; x_wconf 74' lang='lat' dir='ltr'>uta</span> <span class='ocrx_word' id='word_1_131' title='bbox 640 1177 711 1230; x_wconf 85' lang='lat' dir='ltr'>r&#39;itme</span> <span class='ocrx_word' id='word_1_132' title='bbox 734 1175 905 1246; x_wconf 65' lang='lat' dir='ltr'>uugeitnn&#39;ge,</span> <span class='ocrx_word' id='word_1_133' title='bbox 931 1177 989 1232; x_wconf 82' lang='lat' dir='ltr'>und</span> <span class='ocrx_word' id='word_1_134' title='bbox 1004 1181 1033 1229; x_wconf 83' lang='lat' dir='ltr'>in</span> <span class='ocrx_word' id='word_1_135' title='bbox 1119 1177 1188 1228; x_wconf 86' lang='lat' dir='ltr'>Duru</span> <span class='ocrx_word' id='word_1_136' title='bbox 1208 1175 1278 1229; x_wconf 86' lang='lat' dir='ltr'>enirn</span> <span class='ocrx_word' id='word_1_137' title='bbox 1299 1175 1390 1228; x_wconf 88' lang='lat' dir='ltr'>blein</span> <span class='ocrx_word' id='word_1_138' title='bbox 1408 1190 1495 1228; x_wconf 79' lang='lat' dir='ltr'>cerum</span> <span class='ocrx_word' id='word_1_139' title='bbox 1514 1195 1566 1230; x_wconf 90' lang='lat' dir='ltr'>non</span> <span class='ocrx_word' id='word_1_140' title='bbox 1590 1177 1741 1235; x_wconf 83' lang='lat' dir='ltr'>obeereetee</span> <span class='ocrx_word' id='word_1_141' title='bbox 1770 1181 1897 1252; x_wconf 74' lang='lat' dir='ltr'>capitula.</span> 
     </span>
     <span class='ocr_line' id='line_1_12' title="bbox 212 1251 1897 1330; baseline 0.004 -20"><span class='ocrx_word' id='word_1_142' title='bbox 212 1251 326 1310; x_wconf 81' lang='lat' dir='ltr'>eole&#39;iten</span> <span class='ocrx_word' id='word_1_143' title='bbox 338 1259 454 1314; x_wconf 75' lang='lat' dir='ltr'>lunden</span> <span class='ocrx_word' id='word_1_144' title='bbox 466 1263 589 1330; x_wconf 66' lang='lat' dir='ltr'>gelegene</span> <span class='ocrx_word' id='word_1_145' title='bbox 606 1262 689 1313; x_wconf 79' lang='lat' dir='ltr'>Gdter</span> <span class='ocrx_word' id='word_1_146' title='bbox 706 1261 785 1314; x_wconf 84' lang='lat' dir='ltr'>einen</span> <span class='ocrx_word' id='word_1_147' title='bbox 803 1261 845 1312; x_wconf 86' lang='lat' dir='ltr'>uir</span> <span class='ocrx_word' id='word_1_148' title='bbox 862 1261 912 1314; x_wconf 84' lang='lat' dir='ltr'>den</span> <span class='ocrx_word' id='word_1_149' title='bbox 928 1262 1044 1316; x_wconf 32' lang='lat' dir='ltr'>undem*</span> <span class='ocrx_word' id='word_1_150' title='bbox 1086 1260 1166 1312; x_wconf 76' lang='lat' dir='ltr'>tionis</span> <span class='ocrx_word' id='word_1_151' title='bbox 1185 1257 1296 1312; x_wconf 73' lang='lat' dir='ltr'>statibue</span> <span class='ocrx_word' id='word_1_152' title='bbox 1312 1258 1418 1328; x_wconf 87' lang='lat' dir='ltr'>irnpetii</span> <span class='ocrx_word' id='word_1_153' title='bbox 1438 1260 1590 1312; x_wconf 87' lang='lat' dir='ltr'>conceditur</span> <span class='ocrx_word' id='word_1_154' title='bbox 1605 1264 1736 1330; x_wconf 87' lang='lat' dir='ltr'>ejnevnodi</span> <span class='ocrx_word' id='word_1_155' title='bbox 1768 1263 1897 1321; x_wconf 76' lang='lat' dir='ltr'>mandante</span> 
     </span>
     <span class='ocr_line' id='line_1_13' title="bbox 218 1339 1951 1414; baseline 0.005 -20"><span class='ocrx_word' id='word_1_156' title='bbox 218 1341 287 1411; x_wconf 65' lang='lat' dir='ltr'>trev</span> <span class='ocrx_word' id='word_1_157' title='bbox 303 1353 383 1396; x_wconf 84' lang='lat' dir='ltr'>untur·</span> <span class='ocrx_word' id='word_1_158' title='bbox 410 1346 518 1414; x_wconf 70' lang='lat' dir='ltr'>coriger</span> <span class='ocrx_word' id='word_1_159' title='bbox 540 1339 649 1398; x_wconf 70' lang='lat' dir='ltr'>lunden</span> <span class='ocrx_word' id='word_1_160' title='bbox 674 1345 846 1398; x_wconf 83' lang='lat' dir='ltr'>Fttretiiciten</span> <span class='ocrx_word' id='word_1_161' title='bbox 864 1345 1032 1412; x_wconf 75' lang='lat' dir='ltr'>iurisdiction</span> <span class='ocrx_word' id='word_1_162' title='bbox 1084 1358 1135 1394; x_wconf 83' lang='lat' dir='ltr'>uon</span> <span class='ocrx_word' id='word_1_163' title='bbox 1153 1341 1348 1412; x_wconf 81' lang='lat' dir='ltr'>obtemperare,</span> <span class='ocrx_word' id='word_1_164' title='bbox 1366 1351 1392 1394; x_wconf 92' lang='lat' dir='ltr'>et</span> <span class='ocrx_word' id='word_1_165' title='bbox 1403 1341 1496 1395; x_wconf 86' lang='lat' dir='ltr'>Ceeenr</span> <span class='ocrx_word' id='word_1_166' title='bbox 1509 1343 1686 1397; x_wconf 81' lang='lat' dir='ltr'>nibilominne</span> <span class='ocrx_word' id='word_1_167' title='bbox 1698 1359 1783 1400; x_wconf 87' lang='lat' dir='ltr'>ananet</span> <span class='ocrx_word' id='word_1_168' title='bbox 1796 1348 1897 1414; x_wconf 86' lang='lat' dir='ltr'>Gaeear,</span> <span class='ocrx_word' id='word_1_169' title='bbox 1916 1358 1951 1412; x_wconf 66' lang='grc' dir='ltr'><strong><em>Ἀ</em></strong></span> 
     </span>
     <span class='ocr_line' id='line_1_14' title="bbox 213 1423 1898 1500; baseline 0.007 -28"><span class='ocrx_word' id='word_1_170' title='bbox 213 1423 374 1478; x_wconf 61' lang='lat' dir='ltr'>moledicte.</span> <span class='ocrx_word' id='word_1_171' title='bbox 391 1427 410 1480; x_wconf 83' lang='lat' dir='ltr'>i,</span> <span class='ocrx_word' id='word_1_172' title='bbox 428 1441 453 1482; x_wconf 72' lang='lat' dir='ltr'>e.</span> <span class='ocrx_word' id='word_1_173' title='bbox 469 1425 540 1494; x_wconf 61' lang='lat' dir='ltr'>qnod</span> <span class='ocrx_word' id='word_1_174' title='bbox 554 1427 655 1484; x_wconf 71' lang='lat' dir='ltr'>domini</span> <span class='ocrx_word' id='word_1_175' title='bbox 670 1430 830 1482; x_wconf 67' lang='lat' dir='ltr'>territorium</span> <span class='ocrx_word' id='word_1_176' title='bbox 845 1429 1032 1496; x_wconf 65' lang='lat' dir='ltr'>propterbone</span> <span class='ocrx_word' id='word_1_177' title='bbox 1083 1423 1259 1492; x_wconf 71' lang='lat' dir='ltr'>deponitionie</span> <span class='ocrx_word' id='word_1_178' title='bbox 1276 1441 1363 1477; x_wconf 80' lang='lat' dir='ltr'>cetum</span> <span class='ocrx_word' id='word_1_179' title='bbox 1382 1425 1455 1472; x_wconf 84' lang='lat' dir='ltr'>nullu</span> <span class='ocrx_word' id='word_1_180' title='bbox 1475 1426 1555 1474; x_wconf 85' lang='lat' dir='ltr'>motin</span> <span class='ocrx_word' id='word_1_181' title='bbox 1575 1423 1694 1480; x_wconf 76' lang='lat' dir='ltr'>involuit.</span> <span class='ocrx_word' id='word_1_182' title='bbox 1712 1427 1743 1479; x_wconf 81' lang='lat' dir='ltr'>Si</span> <span class='ocrx_word' id='word_1_183' title='bbox 1772 1445 1839 1500; x_wconf 77' lang='lat' dir='ltr'>qttee</span> <span class='ocrx_word' id='word_1_184' title='bbox 1856 1447 1898 1484; x_wconf 75' lang='lat' dir='ltr'>el-</span> 
     </span>
     <span class='ocr_line' id='line_1_15' title="bbox 160 1502 1898 1584; baseline 0.007 -27"><span class='ocrx_word' id='word_1_185' title='bbox 160 1531 197 1584; x_wconf 61' lang='lat'>19</span> <span class='ocrx_word' id='word_1_186' title='bbox 214 1504 254 1558; x_wconf 84' lang='lat' dir='ltr'>ibi</span> <span class='ocrx_word' id='word_1_187' title='bbox 273 1507 324 1558; x_wconf 85' lang='lat' dir='ltr'>atta</span> <span class='ocrx_word' id='word_1_188' title='bbox 343 1509 371 1560; x_wconf 86' lang='lat' dir='ltr'>tn</span> <span class='ocrx_word' id='word_1_189' title='bbox 391 1505 509 1562; x_wconf 84' lang='lat' dir='ltr'>eubdttoa</span> <span class='ocrx_word' id='word_1_190' title='bbox 528 1518 554 1561; x_wconf 89' lang='lat' dir='ltr'>et</span> <span class='ocrx_word' id='word_1_191' title='bbox 566 1510 688 1580; x_wconf 70' lang='lat' dir='ltr'>vaaaetice</span> <span class='ocrx_word' id='word_1_192' title='bbox 699 1522 761 1562; x_wconf 83' lang='lat' dir='ltr'>eune</span> <span class='ocrx_word' id='word_1_193' title='bbox 778 1511 820 1578; x_wconf 81' lang='lat' dir='ltr'>joa</span> <span class='ocrx_word' id='word_1_194' title='bbox 836 1519 863 1580; x_wconf 78' lang='lat' dir='ltr'>et</span> <span class='ocrx_word' id='word_1_195' title='bbox 875 1519 1030 1578; x_wconf 76' lang='lat' dir='ltr'>potentatum</span> <span class='ocrx_word' id='word_1_196' title='bbox 1082 1504 1167 1571; x_wconf 82' lang='lat' dir='ltr'>euple</span> <span class='ocrx_word' id='word_1_197' title='bbox 1187 1505 1216 1556; x_wconf 86' lang='lat' dir='ltr'>in</span> <span class='ocrx_word' id='word_1_198' title='bbox 1234 1505 1390 1557; x_wconf 84' lang='lat' dir='ltr'>contrarium</span> <span class='ocrx_word' id='word_1_199' title='bbox 1408 1502 1602 1572; x_wconf 84' lang='lat' dir='ltr'>producuntur,</span> <span class='ocrx_word' id='word_1_200' title='bbox 1616 1509 1657 1562; x_wconf 88' lang='lat' dir='ltr'>vel</span> <span class='ocrx_word' id='word_1_201' title='bbox 1670 1508 1844 1566; x_wconf 86' lang='lat' dir='ltr'>abdicatinuta</span> <span class='ocrx_word' id='word_1_202' title='bbox 1855 1527 1898 1570; x_wconf 89' lang='lat' dir='ltr'>aut</span> 
     </span>
     <span class='ocr_line' id='line_1_16' title="bbox 215 1587 1897 1670; baseline 0.001 -28"><span class='ocrx_word' id='word_1_203' title='bbox 215 1590 333 1644; x_wconf 90' lang='lat' dir='ltr'>retinere</span> <span class='ocrx_word' id='word_1_204' title='bbox 350 1591 474 1670; x_wconf 84' lang='lat' dir='ltr'>debeant,</span> <span class='ocrx_word' id='word_1_205' title='bbox 495 1592 555 1645; x_wconf 80' lang='lat' dir='ltr'>lieet</span> <span class='ocrx_word' id='word_1_206' title='bbox 572 1592 604 1644; x_wconf 93' lang='lat' dir='ltr'>ed</span> <span class='ocrx_word' id='word_1_207' title='bbox 623 1595 749 1654; x_wconf 65' lang='lat' dir='ltr'>rnajcreru</span> <span class='ocrx_word' id='word_1_208' title='bbox 767 1599 849 1642; x_wconf 83' lang='lat' dir='ltr'>etetue</span> <span class='ocrx_word' id='word_1_209' title='bbox 873 1587 1029 1657; x_wconf 72' lang='lat' dir='ltr'>dignitatern</span> <span class='ocrx_word' id='word_1_210' title='bbox 1082 1587 1309 1651; x_wconf 87' lang='lat' dir='ltr'>renunciationia,</span> <span class='ocrx_word' id='word_1_211' title='bbox 1327 1589 1367 1643; x_wconf 89' lang='lat' dir='ltr'>vei</span> <span class='ocrx_word' id='word_1_212' title='bbox 1385 1587 1524 1643; x_wconf 81' lang='lat' dir='ltr'>uiolentiae</span> <span class='ocrx_word' id='word_1_213' title='bbox 1542 1591 1643 1660; x_wconf 84' lang='lat' dir='ltr'>epeciee</span> <span class='ocrx_word' id='word_1_214' title='bbox 1661 1591 1773 1664; x_wconf 71' lang='lat' dir='ltr'>bebeutq</span> <span class='ocrx_word' id='word_1_215' title='bbox 1785 1596 1838 1664; x_wconf 82' lang='lat' dir='ltr'>juri</span> <span class='ocrx_word' id='word_1_216' title='bbox 1851 1615 1897 1667; x_wconf 82' lang='lat' dir='ltr'>pu·</span> 
     </span>
     <span class='ocr_line' id='line_1_17' title="bbox 211 1669 1615 1746; baseline 0 -21"><span class='ocrx_word' id='word_1_217' title='bbox 211 1673 364 1726; x_wconf 78' lang='lat' dir='ltr'>evehantur.</span> <span class='ocrx_word' id='word_1_218' title='bbox 382 1671 440 1727; x_wconf 79' lang='lat' dir='ltr'>iic&#39;n</span> <span class='ocrx_word' id='word_1_219' title='bbox 459 1673 566 1744; x_wconf 82' lang='lat' dir='ltr'>quideni</span> <span class='ocrx_word' id='word_1_220' title='bbox 585 1689 707 1746; x_wconf 71' lang='lat' dir='ltr'>expresse</span> <span class='ocrx_word' id='word_1_221' title='bbox 725 1673 842 1735; x_wconf 88' lang='lat' dir='ltr'>dicitur,</span> <span class='ocrx_word' id='word_1_222' title='bbox 866 1672 926 1726; x_wconf 90' lang='lat' dir='ltr'>licet</span> <span class='ocrx_word' id='word_1_223' title='bbox 951 1682 1030 1725; x_wconf 89' lang='lat' dir='ltr'>etetue</span> <span class='ocrx_word' id='word_1_224' title='bbox 1080 1669 1149 1722; x_wconf 87' lang='lat' dir='ltr'>blico</span> <span class='ocrx_word' id='word_1_225' title='bbox 1161 1671 1507 1738; x_wconf 73' lang='lat' dir='ltr'>couvenienaergumeuturn</span> <span class='ocrx_word' id='word_1_226' title='bbox 1521 1671 1615 1725; x_wconf 84' lang='lat' dir='ltr'>deerit.</span> 
     </span>
     <span class='ocr_line' id='line_1_18' title="bbox 212 1751 1900 1831; baseline 0.007 -25"><span class='ocrx_word' id='word_1_227' title='bbox 212 1756 324 1825; x_wconf 80' lang='lat' dir='ltr'>inperii</span> <span class='ocrx_word' id='word_1_228' title='bbox 342 1751 455 1820; x_wconf 79' lang='lat' dir='ltr'>berent;</span> <span class='ocrx_word' id='word_1_229' title='bbox 473 1775 532 1809; x_wconf 86' lang='lat' dir='ltr'>cunr</span> <span class='ocrx_word' id='word_1_230' title='bbox 553 1767 639 1812; x_wconf 80' lang='lat' dir='ltr'>tannen</span> <span class='ocrx_word' id='word_1_231' title='bbox 658 1757 788 1826; x_wconf 75' lang='lat' dir='ltr'>qenereiie</span> <span class='ocrx_word' id='word_1_232' title='bbox 806 1757 882 1809; x_wconf 86' lang='lat' dir='ltr'>verbe</span> <span class='ocrx_word' id='word_1_233' title='bbox 908 1755 981 1822; x_wconf 84' lang='lat' dir='ltr'>etat,</span> <span class='ocrx_word' id='word_1_234' title='bbox 1004 1764 1030 1809; x_wconf 88' lang='lat' dir='ltr'>et</span> <span class='ocrx_word' id='word_1_235' title='bbox 1114 1751 1173 1804; x_wconf 72' lang='lat' dir='ltr'>tion</span> <span class='ocrx_word' id='word_1_236' title='bbox 1185 1751 1269 1818; x_wconf 73' lang='lat' dir='ltr'>obstat</span> <span class='ocrx_word' id='word_1_237' title='bbox 1281 1768 1313 1802; x_wconf 89' lang='lat' dir='ltr'>ex</span> <span class='ocrx_word' id='word_1_238' title='bbox 1328 1753 1464 1822; x_wconf 88' lang='lat' dir='ltr'>principio</span> <span class='ocrx_word' id='word_1_239' title='bbox 1475 1754 1555 1822; x_wconf 82' lang='lat' dir='ltr'>capit.</span> <span class='ocrx_word' id='word_1_240' title='bbox 1574 1772 1714 1812; x_wconf 87' lang='lat' dir='ltr'>ceeeareer.</span> <span class='ocrx_word' id='word_1_241' title='bbox 1725 1761 1831 1831; x_wconf 59' lang='lat' dir='ltr'>cautae</span> <span class='ocrx_word' id='word_1_242' title='bbox 1841 1764 1900 1818; x_wconf 79' lang='lat' dir='ltr'>und</span> 
     </span>
     <span class='ocr_line' id='line_1_19' title="bbox 210 1835 1894 1918; baseline 0.005 -26"><span class='ocrx_word' id='word_1_243' title='bbox 210 1841 304 1909; x_wconf 78' lang='lat' dir='ltr'>prexia</span> <span class='ocrx_word' id='word_1_244' title='bbox 322 1841 432 1909; x_wconf 87' lang='lat' dir='ltr'>imperii</span> <span class='ocrx_word' id='word_1_245' title='bbox 453 1839 623 1908; x_wconf 70' lang='lat' dir='ltr'>suffragetur,</span> <span class='ocrx_word' id='word_1_246' title='bbox 643 1841 716 1893; x_wconf 92' lang='lat' dir='ltr'>uuila</span> <span class='ocrx_word' id='word_1_247' title='bbox 733 1848 842 1910; x_wconf 80' lang='lat' dir='ltr'>apparet</span> <span class='ocrx_word' id='word_1_248' title='bbox 866 1839 954 1903; x_wconf 89' lang='lat' dir='ltr'>vatio,</span> <span class='ocrx_word' id='word_1_249' title='bbox 984 1854 1030 1892; x_wconf 86' lang='lat' dir='ltr'>cur</span> <span class='ocrx_word' id='word_1_250' title='bbox 1079 1836 1369 1893; x_wconf 66' lang='lat' dir='ltr'>Paene-natantum</span> <span class='ocrx_word' id='word_1_251' title='bbox 1380 1835 1593 1908; x_wconf 75' lang='lat' dir='ltr'>nnciesnlganden</span> <span class='ocrx_word' id='word_1_252' title='bbox 1604 1843 1722 1897; x_wconf 83' lang='lat' dir='ltr'>urticuin</span> <span class='ocrx_word' id='word_1_253' title='bbox 1735 1845 1894 1918; x_wconf 74' lang='lat' dir='ltr'>vereinigeta</span> 
     </span>
     <span class='ocr_line' id='line_1_20' title="bbox 152 1919 1948 2012; baseline 0.004 -34"><span class='ocrx_word' id='word_1_254' title='bbox 152 1959 192 2012; x_wconf 69' lang='lat'>2⁰</span> <span class='ocrx_word' id='word_1_255' title='bbox 210 1938 264 1978; x_wconf 87' lang='lat' dir='ltr'>neu</span> <span class='ocrx_word' id='word_1_256' title='bbox 282 1922 315 1976; x_wconf 79' lang='lat' dir='ltr'>tle</span> <span class='ocrx_word' id='word_1_257' title='bbox 331 1941 363 1978; x_wconf 88' lang='lat' dir='ltr'>ec</span> <span class='ocrx_word' id='word_1_258' title='bbox 382 1940 461 1987; x_wconf 68' lang='lat' dir='ltr'>meu,</span> <span class='ocrx_word' id='word_1_259' title='bbox 477 1923 581 1994; x_wconf 78' lang='lat' dir='ltr'>quentin</span> <span class='ocrx_word' id='word_1_260' title='bbox 600 1923 659 1980; x_wconf 84' lang='lat' dir='ltr'>aattv</span> <span class='ocrx_word' id='word_1_261' title='bbox 673 1925 735 1994; x_wconf 85' lang='lat' dir='ltr'>qnia</span> <span class='ocrx_word' id='word_1_262' title='bbox 751 1925 781 1976; x_wconf 87' lang='lat' dir='ltr'>ie</span> <span class='ocrx_word' id='word_1_263' title='bbox 799 1933 893 1978; x_wconf 90' lang='lat' dir='ltr'>etetuue</span> <span class='ocrx_word' id='word_1_264' title='bbox 919 1923 1027 1994; x_wconf 80' lang='lat' dir='ltr'>imperii</span> <span class='ocrx_word' id='word_1_265' title='bbox 1079 1937 1139 1972; x_wconf 85' lang='lat' dir='ltr'>navo</span> <span class='ocrx_word' id='word_1_266' title='bbox 1160 1919 1227 1973; x_wconf 88' lang='lat' dir='ltr'>iilud</span> <span class='ocrx_word' id='word_1_267' title='bbox 1244 1922 1335 1973; x_wconf 86' lang='lat' dir='ltr'>eeitena</span> <span class='ocrx_word' id='word_1_268' title='bbox 1356 1920 1573 1992; x_wconf 66' lang='lat' dir='ltr'>incantantum!</span> <span class='ocrx_word' id='word_1_269' title='bbox 1592 1926 1672 1996; x_wconf 88' lang='lat' dir='ltr'>cepit.</span> <span class='ocrx_word' id='word_1_270' title='bbox 1691 1928 1747 1982; x_wconf 87' lang='lat' dir='ltr'>eive</span> <span class='ocrx_word' id='word_1_271' title='bbox 1772 1931 1894 1999; x_wconf 89' lang='lat' dir='ltr'>erticnii,</span> <span class='ocrx_word' id='word_1_272' title='bbox 1907 1932 1948 1986; x_wconf 70' lang='lat'>23</span> 
     </span>
     <span class='ocr_line' id='line_1_21' title="bbox 209 2002 1896 2084; baseline 0.007 -24"><span class='ocrx_word' id='word_1_273' title='bbox 209 2006 381 2072; x_wconf 81' lang='lat' dir='ltr'>eveheretur,</span> <span class='ocrx_word' id='word_1_274' title='bbox 404 2004 578 2078; x_wconf 73' lang='lat' dir='ltr'>caperemus?</span> <span class='ocrx_word' id='word_1_275' title='bbox 595 2006 628 2061; x_wconf 83' lang='lat' dir='ltr'>iit</span> <span class='ocrx_word' id='word_1_276' title='bbox 644 2017 673 2062; x_wconf 91' lang='lat' dir='ltr'>ut</span> <span class='ocrx_word' id='word_1_277' title='bbox 690 2007 721 2060; x_wconf 84' lang='lat' dir='ltr'>eal</span> <span class='ocrx_word' id='word_1_278' title='bbox 742 2025 797 2062; x_wconf 86' lang='lat' dir='ltr'>reru</span> <span class='ocrx_word' id='word_1_279' title='bbox 817 2009 900 2078; x_wconf 85' lang='lat' dir='ltr'>ipeern</span> <span class='ocrx_word' id='word_1_280' title='bbox 916 2019 1028 2063; x_wconf 86' lang='lat' dir='ltr'>reverta·</span> <span class='ocrx_word' id='word_1_281' title='bbox 1078 2002 1108 2054; x_wconf 89' lang='lat' dir='ltr'>iu</span> <span class='ocrx_word' id='word_1_282' title='bbox 1119 2019 1184 2071; x_wconf 87' lang='lat' dir='ltr'>quoe</span> <span class='ocrx_word' id='word_1_283' title='bbox 1195 2013 1370 2057; x_wconf 84' lang='lat' dir='ltr'>convenerunt</span> <span class='ocrx_word' id='word_1_284' title='bbox 1383 2019 1441 2056; x_wconf 88' lang='lat' dir='ltr'>cern</span> <span class='ocrx_word' id='word_1_285' title='bbox 1455 2021 1520 2058; x_wconf 84' lang='lat' dir='ltr'>caea.</span> <span class='ocrx_word' id='word_1_286' title='bbox 1533 2006 1636 2060; x_wconf 81' lang='lat' dir='ltr'>domini</span> <span class='ocrx_word' id='word_1_287' title='bbox 1655 2010 1781 2066; x_wconf 87' lang='lat' dir='ltr'>electoree</span> <span class='ocrx_word' id='word_1_288' title='bbox 1801 2029 1850 2084; x_wconf 84' lang='lat' dir='ltr'>pto</span> <span class='ocrx_word' id='word_1_289' title='bbox 1867 2034 1896 2072; x_wconf 86' lang='lat' dir='ltr'>ee</span> 
     </span>
     <span class='ocr_line' id='line_1_22' title="bbox 211 2086 1894 2168; baseline 0.004 -28"><span class='ocrx_word' id='word_1_290' title='bbox 211 2105 290 2154; x_wconf 87' lang='lat' dir='ltr'>naor,</span> <span class='ocrx_word' id='word_1_291' title='bbox 309 2089 331 2140; x_wconf 92' lang='lat' dir='ltr'>ei</span> <span class='ocrx_word' id='word_1_292' title='bbox 352 2091 439 2158; x_wconf 85' lang='lat' dir='ltr'>itaque</span> <span class='ocrx_word' id='word_1_293' title='bbox 459 2089 517 2142; x_wconf 84' lang='lat' dir='ltr'>utta</span> <span class='ocrx_word' id='word_1_294' title='bbox 537 2096 620 2142; x_wconf 85' lang='lat' dir='ltr'>etatne</span> <span class='ocrx_word' id='word_1_295' title='bbox 639 2087 745 2158; x_wconf 77' lang='lat' dir='ltr'>imperii</span> <span class='ocrx_word' id='word_1_296' title='bbox 765 2089 1025 2158; x_wconf 87' lang='lat' dir='ltr'>pneeideuebonaiu</span> <span class='ocrx_word' id='word_1_297' title='bbox 1076 2094 1101 2138; x_wconf 89' lang='lat' dir='ltr'>et</span> <span class='ocrx_word' id='word_1_298' title='bbox 1121 2087 1231 2156; x_wconf 85' lang='lat' dir='ltr'>reliquie</span> <span class='ocrx_word' id='word_1_299' title='bbox 1250 2086 1408 2140; x_wconf 89' lang='lat' dir='ltr'>etetibueiu</span> <span class='ocrx_word' id='word_1_300' title='bbox 1427 2089 1534 2142; x_wconf 80' lang='lat' dir='ltr'>modurn</span> <span class='ocrx_word' id='word_1_301' title='bbox 1554 2091 1623 2160; x_wconf 85' lang='lat' dir='ltr'>pecti</span> <span class='ocrx_word' id='word_1_302' title='bbox 1643 2094 1729 2148; x_wconf 86' lang='lat' dir='ltr'>velere</span> <span class='ocrx_word' id='word_1_303' title='bbox 1761 2093 1894 2168; x_wconf 68' lang='lat' dir='ltr'>debant,</span> 
     </span>
     <span class='ocr_line' id='line_1_23' title="bbox 210 2161 1893 2241; baseline 0.01 -20"><span class='ocrx_word' id='word_1_304' title='bbox 210 2171 322 2224; x_wconf 89' lang='lat' dir='ltr'>alteriue</span> <span class='ocrx_word' id='word_1_305' title='bbox 340 2177 423 2224; x_wconf 91' lang='lat' dir='ltr'>etatue</span> <span class='ocrx_word' id='word_1_306' title='bbox 442 2171 594 2234; x_wconf 85' lang='lat' dir='ltr'>territorio,</span> <span class='ocrx_word' id='word_1_307' title='bbox 611 2184 701 2223; x_wconf 88' lang='lat' dir='ltr'>contra</span> <span class='ocrx_word' id='word_1_308' title='bbox 724 2169 861 2225; x_wconf 76' lang='lat' dir='ltr'>dominum</span> <span class='ocrx_word' id='word_1_309' title='bbox 890 2173 1022 2225; x_wconf 88' lang='lat' dir='ltr'>territorii</span> <span class='ocrx_word' id='word_1_310' title='bbox 1074 2177 1102 2220; x_wconf 91' lang='lat' dir='ltr'>et</span> <span class='ocrx_word' id='word_1_311' title='bbox 1121 2169 1189 2220; x_wconf 89' lang='lat' dir='ltr'>eicnt</span> <span class='ocrx_word' id='word_1_312' title='bbox 1208 2188 1223 2222; x_wconf 85' lang='lat' dir='ltr'>a</span> <span class='ocrx_word' id='word_1_313' title='bbox 1242 2179 1317 2238; x_wconf 88' lang='lat' dir='ltr'>pacto</span> <span class='ocrx_word' id='word_1_314' title='bbox 1335 2171 1380 2223; x_wconf 91' lang='lat' dir='ltr'>uni</span> <span class='ocrx_word' id='word_1_315' title='bbox 1401 2173 1470 2241; x_wconf 90' lang='lat' dir='ltr'>perti</span> <span class='ocrx_word' id='word_1_316' title='bbox 1489 2173 1572 2228; x_wconf 88' lang='lat' dir='ltr'>invite</span> <span class='ocrx_word' id='word_1_317' title='bbox 1591 2178 1673 2231; x_wconf 86' lang='lat' dir='ltr'>altera</span> <span class='ocrx_word' id='word_1_318' title='bbox 1698 2161 1824 2236; x_wconf 72' lang='lat' dir='ltr'>recedere</span> <span class='ocrx_word' id='word_1_319' title='bbox 1839 2201 1893 2239; x_wconf 89' lang='lat' dir='ltr'>nou</span> 
     </span>
     <span class='ocr_line' id='line_1_24' title="bbox 208 2248 1894 2322; baseline 0.002 -15"><span class='ocrx_word' id='word_1_320' title='bbox 208 2256 281 2322; x_wconf 87' lang='lat' dir='ltr'>epud</span> <span class='ocrx_word' id='word_1_321' title='bbox 299 2255 412 2306; x_wconf 84' lang='lat' dir='ltr'>euiicnru</span> <span class='ocrx_word' id='word_1_322' title='bbox 432 2253 560 2322; x_wconf 80' lang='lat' dir='ltr'>indicium</span> <span class='ocrx_word' id='word_1_323' title='bbox 580 2254 620 2308; x_wconf 86' lang='lat' dir='ltr'>eei</span> <span class='ocrx_word' id='word_1_324' title='bbox 636 2271 764 2306; x_wconf 82' lang='lat' dir='ltr'>cernerent</span> <span class='ocrx_word' id='word_1_325' title='bbox 791 2269 934 2308; x_wconf 85' lang='lat' dir='ltr'>ceeeertene</span> <span class='ocrx_word' id='word_1_326' title='bbox 962 2273 1023 2309; x_wconf 92' lang='lat' dir='ltr'>cou·</span> <span class='ocrx_word' id='word_1_327' title='bbox 1074 2248 1115 2303; x_wconf 77' lang='lat' dir='ltr'>itt</span> <span class='ocrx_word' id='word_1_328' title='bbox 1133 2260 1192 2316; x_wconf 85' lang='lat' dir='ltr'>eti,</span> <span class='ocrx_word' id='word_1_329' title='bbox 1212 2251 1248 2304; x_wconf 92' lang='lat' dir='ltr'>ite</span> <span class='ocrx_word' id='word_1_330' title='bbox 1267 2263 1290 2306; x_wconf 94' lang='lat' dir='ltr'>et</span> <span class='ocrx_word' id='word_1_331' title='bbox 1307 2251 1359 2306; x_wconf 87' lang='lat' dir='ltr'>bie.</span> <span class='ocrx_word' id='word_1_332' title='bbox 1377 2253 1456 2309; x_wconf 77' lang='lat' dir='ltr'>ttatta</span> <span class='ocrx_word' id='word_1_333' title='bbox 1475 2256 1552 2310; x_wconf 85' lang='lat' dir='ltr'>enode</span> <span class='ocrx_word' id='word_1_334' title='bbox 1570 2259 1680 2315; x_wconf 82' lang='lat' dir='ltr'>infertur</span> <span class='ocrx_word' id='word_1_335' title='bbox 1693 2261 1808 2318; x_wconf 79' lang='lat' dir='ltr'>iudeiex</span> <span class='ocrx_word' id='word_1_336' title='bbox 1820 2284 1894 2320; x_wconf 85' lang='lat' dir='ltr'>com.</span> 
     </span>
     <span class='ocr_line' id='line_1_25' title="bbox 207 2333 1893 2413; baseline 0.009 -26"><span class='ocrx_word' id='word_1_337' title='bbox 207 2347 381 2406; x_wconf 74' lang='lat' dir='ltr'>quereretur,</span> <span class='ocrx_word' id='word_1_338' title='bbox 411 2335 519 2402; x_wconf 66' lang='lat' dir='ltr'>adeun,</span> <span class='ocrx_word' id='word_1_339' title='bbox 548 2352 625 2407; x_wconf 83' lang='lat' dir='ltr'>quern</span> <span class='ocrx_word' id='word_1_340' title='bbox 654 2337 760 2407; x_wconf 79' lang='lat' dir='ltr'>quentin</span> <span class='ocrx_word' id='word_1_341' title='bbox 779 2337 877 2389; x_wconf 74' lang='lat' dir='ltr'>eubtliti</span> <span class='ocrx_word' id='word_1_342' title='bbox 901 2337 948 2391; x_wconf 88' lang='lat' dir='ltr'>elii</span> <span class='ocrx_word' id='word_1_343' title='bbox 966 2340 1022 2406; x_wconf 87' lang='lat' dir='ltr'>ejue</span> <span class='ocrx_word' id='word_1_344' title='bbox 1073 2333 1203 2388; x_wconf 86' lang='lat' dir='ltr'>tnieeorie.</span> <span class='ocrx_word' id='word_1_345' title='bbox 1223 2335 1262 2388; x_wconf 85' lang='lat' dir='ltr'>De</span> <span class='ocrx_word' id='word_1_346' title='bbox 1279 2353 1331 2405; x_wconf 89' lang='lat' dir='ltr'>qno</span> <span class='ocrx_word' id='word_1_347' title='bbox 1348 2333 1416 2391; x_wconf 81' lang='lat' dir='ltr'>icrte</span> <span class='ocrx_word' id='word_1_348' title='bbox 1433 2339 1462 2392; x_wconf 89' lang='lat' dir='ltr'>iu</span> <span class='ocrx_word' id='word_1_349' title='bbox 1482 2341 1602 2393; x_wconf 85' lang='lat' dir='ltr'>diacuren</span> <span class='ocrx_word' id='word_1_350' title='bbox 1620 2344 1748 2413; x_wconf 81' lang='lat' dir='ltr'>pluribne.</span> <span class='ocrx_word' id='word_1_351' title='bbox 1774 2351 1830 2402; x_wconf 84' lang='lat' dir='ltr'>iiec</span> <span class='ocrx_word' id='word_1_352' title='bbox 1852 2349 1893 2402; x_wconf 91' lang='lat' dir='ltr'>vi·</span> 
     </span>
     <span class='ocr_line' id='line_1_26' title="bbox 209 2417 1891 2494; baseline 0.005 -16"><span class='ocrx_word' id='word_1_353' title='bbox 209 2425 343 2479; x_wconf 84' lang='lat' dir='ltr'>territorii</span> <span class='ocrx_word' id='word_1_354' title='bbox 361 2427 481 2494; x_wconf 84' lang='lat' dir='ltr'>querelae</span> <span class='ocrx_word' id='word_1_355' title='bbox 498 2426 687 2490; x_wconf 81' lang='lat' dir='ltr'>inetitnorent,</span> <span class='ocrx_word' id='word_1_356' title='bbox 703 2425 772 2480; x_wconf 84' lang='lat' dir='ltr'>eirea</span> <span class='ocrx_word' id='word_1_357' title='bbox 790 2425 879 2479; x_wconf 81' lang='lat' dir='ltr'>tttevva</span> <span class='ocrx_word' id='word_1_358' title='bbox 897 2423 1022 2479; x_wconf 63' lang='lat' dir='ltr'>tutam..</span> <span class='ocrx_word' id='word_1_359' title='bbox 1072 2433 1102 2470; x_wconf 88' lang='lat' dir='ltr'>co</span> <span class='ocrx_word' id='word_1_360' title='bbox 1120 2434 1168 2485; x_wconf 87' lang='lat' dir='ltr'>pru</span> <span class='ocrx_word' id='word_1_361' title='bbox 1185 2417 1305 2474; x_wconf 87' lang='lat' dir='ltr'>inetituti</span> <span class='ocrx_word' id='word_1_362' title='bbox 1324 2421 1428 2474; x_wconf 84' lang='lat' dir='ltr'>ratione</span> <span class='ocrx_word' id='word_1_363' title='bbox 1445 2423 1520 2476; x_wconf 85' lang='lat' dir='ltr'>eetie.</span> <span class='ocrx_word' id='word_1_364' title='bbox 1538 2424 1590 2477; x_wconf 84' lang='lat' dir='ltr'>Pru</span> <span class='ocrx_word' id='word_1_365' title='bbox 1606 2426 1760 2484; x_wconf 76' lang='lat' dir='ltr'>adnittentie</span> <span class='ocrx_word' id='word_1_366' title='bbox 1783 2431 1839 2486; x_wconf 89' lang='lat' dir='ltr'>Den</span> <span class='ocrx_word' id='word_1_367' title='bbox 1853 2433 1891 2486; x_wconf 82' lang='lat' dir='ltr'>eit</span> 
     </span>
     <span class='ocr_line' id='line_1_27' title="bbox 204 2503 1164 2577; baseline 0.005 -19"><span class='ocrx_word' id='word_1_368' title='bbox 204 2508 288 2560; x_wconf 83' lang='lat' dir='ltr'>turias</span> <span class='ocrx_word' id='word_1_369' title='bbox 305 2506 453 2575; x_wconf 78' lang='lat' dir='ltr'>nbeernri,</span> <span class='ocrx_word' id='word_1_370' title='bbox 470 2509 540 2563; x_wconf 84' lang='lat' dir='ltr'>eeleo</span> <span class='ocrx_word' id='word_1_371' title='bbox 554 2517 640 2562; x_wconf 80' lang='lat' dir='ltr'>temen</span> <span class='ocrx_word' id='word_1_372' title='bbox 653 2509 747 2562; x_wconf 78' lang='lat' dir='ltr'>melius</span> <span class='ocrx_word' id='word_1_373' title='bbox 767 2507 934 2562; x_wconf 84' lang='lat' dir='ltr'>eentieutinvn</span> <span class='ocrx_word' id='word_1_374' title='bbox 951 2510 1024 2577; x_wconf 83' lang='lat' dir='ltr'>judi·</span> <span class='ocrx_word' id='word_1_375' title='bbox 1071 2503 1164 2574; x_wconf 66' lang='lat' dir='ltr'>plurin-</span> 
     </span>
     <span class='ocr_line' id='line_1_28' title="bbox 205 2590 410 2660; baseline -0.015 -16"><span class='ocrx_word' id='word_1_376' title='bbox 205 2590 257 2655; x_wconf 87' lang='lat' dir='ltr'>ein,</span> <span class='ocrx_word' id='word_1_377' title='bbox 276 2599 410 2660; x_wconf 83' lang='lat' dir='ltr'>putemne.</span> 
     </span>
     <span class='ocr_line' id='line_1_29' title="bbox 150 2663 1568 2798; baseline 0.001 -70"><span class='ocrx_word' id='word_1_378' title='bbox 150 2665 187 2720; x_wconf 71' lang='grc' dir='ltr'>ΙΙ</span> <span class='ocrx_word' id='word_1_379' title='bbox 242 2674 402 2742; x_wconf 78' lang='lat' dir='ltr'>Reliquum,</span> <span class='ocrx_word' id='word_1_380' title='bbox 421 2673 558 2730; x_wconf 87' lang='lat' dir='ltr'>uceeeioue</span> <span class='ocrx_word' id='word_1_381' title='bbox 575 2673 602 2728; x_wconf 82' lang='lat' dir='ltr'>d.</span> <span class='ocrx_word' id='word_1_382' title='bbox 630 2673 709 2731; x_wconf 59' lang='lat' dir='ltr'>ortu.</span> <span class='ocrx_word' id='word_1_383' title='bbox 741 2673 785 2727; x_wconf 79' lang='lat' dir='ltr'>te.</span> <span class='ocrx_word' id='word_1_384' title='bbox 816 2671 896 2741; x_wconf 83' lang='lat' dir='ltr'>eupit.</span> <span class='ocrx_word' id='word_1_385' title='bbox 921 2663 1052 2798; x_wconf 64' lang='lat' dir='ltr'>cortun!</span> <span class='ocrx_word' id='word_1_386' title='bbox 1392 2675 1568 2733; x_wconf 75' lang='lat' dir='ltr'>tt1tt18.</span> 
     </span>
     <span class='ocr_line' id='line_1_30' title="bbox 205 2751 1026 2826; baseline 0.002 -20"><span class='ocrx_word' id='word_1_387' title='bbox 205 2753 328 2826; x_wconf 79' lang='lat' dir='ltr'>leopold.</span> <span class='ocrx_word' id='word_1_388' title='bbox 340 2754 369 2808; x_wconf 86' lang='lat' dir='ltr'>in</span> <span class='ocrx_word' id='word_1_389' title='bbox 371 2751 432 2825; x_wconf 77' lang='lat' dir='ltr'>fin.</span> <span class='ocrx_word' id='word_1_390' title='bbox 451 2758 496 2811; x_wconf 90' lang='lat' dir='ltr'>ubi</span> <span class='ocrx_word' id='word_1_391' title='bbox 515 2757 695 2823; x_wconf 88' lang='lat' dir='ltr'>etetnebetur,</span> <span class='ocrx_word' id='word_1_392' title='bbox 714 2755 737 2809; x_wconf 87' lang='lat' dir='ltr'>ei</span> <span class='ocrx_word' id='word_1_393' title='bbox 755 2765 844 2810; x_wconf 88' lang='lat' dir='ltr'>contra</span> <span class='ocrx_word' id='word_1_394' title='bbox 860 2751 957 2822; x_wconf 82' lang='lat' dir='ltr'>fieret,</span> <span class='ocrx_word' id='word_1_395' title='bbox 983 2755 1026 2808; x_wconf 90' lang='lat' dir='ltr'>do·</span> 
     </span>
    </p>
   </div>
   <div class='ocr_carea' id='block_1_3' title="bbox 620 2945 1475 3027">
    <p class='ocr_par' dir='ltr' id='par_1_3' title="bbox 620 2945 1475 3027">
     <span class='ocr_line' id='line_1_31' title="bbox 620 2945 1475 3027; baseline -0.004 -1"><span class='ocrx_word' id='word_1_396' title='bbox 620 2949 950 3027; x_wconf 75' lang='lat' dir='ltr'>ntsrttunuto</span> <span class='ocrx_word' id='word_1_397' title='bbox 976 2947 1243 3026; x_wconf 78' lang='lat' dir='ltr'>VlGllSllilA</span> <span class='ocrx_word' id='word_1_398' title='bbox 1270 2945 1475 3023; x_wconf 69' lang='lat' dir='ltr'>unliuta</span> 
     </span>
    </p>
   </div>
   <div class='ocr_carea' id='block_1_4' title="bbox 323 3145 1765 3472">
    <p class='ocr_par' dir='ltr' id='par_1_4' title="bbox 323 3145 1765 3472">
     <span class='ocr_line' id='line_1_32' title="bbox 323 3145 1765 3270; baseline 0.003 -12"><span class='ocrx_word' id='word_1_399' title='bbox 323 3147 425 3259; x_wconf 87' lang='lat' dir='ltr'>uu</span> <span class='ocrx_word' id='word_1_400' title='bbox 462 3147 1067 3270; x_wconf 83' lang='lat' dir='ltr'>uuuauuuoouuu</span> <span class='ocrx_word' id='word_1_401' title='bbox 1115 3145 1765 3268; x_wconf 80' lang='lat' dir='ltr'>annuunuuuuuu</span> 
     </span>
     <span class='ocr_line' id='line_1_33' title="bbox 506 3325 1577 3472; baseline -0.004 -26"><span class='ocrx_word' id='word_1_402' title='bbox 506 3325 1039 3446; x_wconf 83' lang='lat' dir='ltr'>nucuuuuuu·</span> <span class='ocrx_word' id='word_1_403' title='bbox 1084 3328 1577 3472; x_wconf 72' lang='lat' dir='ltr'>uunououu,</span> 
     </span>
    </p>
   </div>
   <div class='ocr_carea' id='block_1_5' title="bbox 985 3551 1155 3615">
    <p class='ocr_par' dir='ltr' id='par_1_5' title="bbox 985 3551 1155 3615">
     <span class='ocr_line' id='line_1_34' title="bbox 985 3551 1155 3615; baseline 0.012 -11"><span class='ocrx_word' id='word_1_404' title='bbox 985 3551 1107 3606; x_wconf 77' lang='lat' dir='ltr'>vetuo</span> <span class='ocrx_word' id='word_1_405' title='bbox 1154 3607 1155 3615; x_wconf 60' lang='grc'>,</span> 
     </span>
    </p>
   </div>
   <div class='ocr_carea' id='block_1_6' title="bbox 872 3715 1211 3800">
    <p class='ocr_par' dir='ltr' id='par_1_6' title="bbox 872 3715 1211 3800">
     <span class='ocr_line' id='line_1_35' title="bbox 872 3715 1211 3800; baseline -0.012 -14"><span class='ocrx_word' id='word_1_406' title='bbox 872 3715 1211 3800; x_wconf 50' lang='lat' dir='ltr'>ocenum</span> 
     </span>
    </p>
   </div>
   <div class='ocr_carea' id='block_1_7' title="bbox 798 3925 1276 3971">
    <p class='ocr_par' dir='ltr' id='par_1_7' title="bbox 798 3925 1276 3971">
     <span class='ocr_line' id='line_1_36' title="bbox 798 3925 1276 3971; baseline 0.002 -4"><span class='ocrx_word' id='word_1_407' title='bbox 798 3925 864 3970; x_wconf 36' lang='lat' dir='ltr'>*ute</span> <span class='ocrx_word' id='word_1_408' title='bbox 886 3927 968 3971; x_wconf 69' lang='lat' dir='ltr'>tutati</span> <span class='ocrx_word' id='word_1_409' title='bbox 992 3926 1076 3971; x_wconf 70' lang='grc' dir='ltr'>ΑΜΟ</span> <span class='ocrx_word' id='word_1_410' title='bbox 1099 3925 1276 3970; x_wconf 75' lang='lat' dir='ltr'>ttuctaxxxt.</span> 
     </span>
    </p>
   </div>
   <div class='ocr_carea' id='block_1_8' title="bbox 932 4101 1148 4146">
    <p class='ocr_par' dir='ltr' id='par_1_8' title="bbox 932 4101 1148 4146">
     <span class='ocr_line' id='line_1_37' title="bbox 932 4101 1148 4146; baseline -0.037 0"><span class='ocrx_word' id='word_1_411' title='bbox 932 4103 1041 4146; x_wconf 67' lang='lat' dir='ltr'>155?th</span> <span class='ocrx_word' id='word_1_412' title='bbox 1043 4103 1102 4144; x_wconf 74' lang='lat' dir='ltr'>MN</span> <span class='ocrx_word' id='word_1_413' title='bbox 1109 4101 1148 4142; x_wconf 76' lang='grc' dir='ltr'><strong><em>Π</em></strong></span> 
     </span>
    </p>
   </div>
   <div class='ocr_carea' id='block_1_9' title="bbox 677 4235 1401 4901">
    <p class='ocr_par' dir='ltr' id='par_1_9' title="bbox 677 4235 1401 4901">
     <span class='ocr_line' id='line_1_38' title="bbox 677 4235 1401 4327; baseline 0.003 -7"><span class='ocrx_word' id='word_1_414' title='bbox 677 4253 906 4327; x_wconf 79' lang='lat' dir='ltr'>ntuntuto</span> <span class='ocrx_word' id='word_1_415' title='bbox 929 4235 1102 4326; x_wconf 79' lang='lat' dir='ltr'>uuerco</span> <span class='ocrx_word' id='word_1_416' title='bbox 1126 4253 1192 4322; x_wconf 82' lang='lat' dir='ltr'>ne</span> <span class='ocrx_word' id='word_1_417' title='bbox 1215 4253 1401 4326; x_wconf 79' lang='lat' dir='ltr'>neuun.</span> 
     </span>
     <span class='ocr_line' id='line_1_39' title="bbox 830 4543 1240 4596; baseline 0.01 -4"><span class='ocrx_word' id='word_1_418' title='bbox 830 4543 1240 4596; x_wconf 56' lang='grc' dir='ltr'>-οοθίθῦθμ-</span> 
     </span>
     <span class='ocr_line' id='line_1_40' title="bbox 779 4793 1276 4901; baseline 0.002 -2"><span class='ocrx_word' id='word_1_419' title='bbox 779 4793 1276 4901; x_wconf 76' lang='lat' dir='ltr'>&#39;unneeauun</span> 
     </span>
    </p>
   </div>
   <div class='ocr_carea' id='block_1_10' title="bbox 205 4993 1866 5673">
    <p class='ocr_par' dir='ltr' id='par_1_10' title="bbox 205 4993 1866 5673">
     <span class='ocr_line' id='line_1_41' title="bbox 211 4993 1864 5172; baseline -0.002 -24"><span class='ocrx_word' id='word_1_420' title='bbox 211 4993 381 5158; x_wconf 86' lang='lat' dir='ltr'>Habet</span> <span class='ocrx_word' id='word_1_421' title='bbox 421 5073 488 5146; x_wconf 90' lang='lat' dir='ltr'>boc</span> <span class='ocrx_word' id='word_1_422' title='bbox 516 5073 693 5172; x_wconf 81' lang='lat' dir='ltr'>peculiare</span> <span class='ocrx_word' id='word_1_423' title='bbox 724 5073 937 5171; x_wconf 75' lang='lat' dir='ltr'>antiquitus,</span> <span class='ocrx_word' id='word_1_424' title='bbox 963 5085 1005 5144; x_wconf 91' lang='lat' dir='ltr'>ut</span> <span class='ocrx_word' id='word_1_425' title='bbox 1028 5073 1068 5143; x_wconf 89' lang='lat' dir='ltr'>in</span> <span class='ocrx_word' id='word_1_426' title='bbox 1096 5073 1150 5146; x_wconf 85' lang='lat' dir='ltr'>uui</span> <span class='ocrx_word' id='word_1_427' title='bbox 1185 5059 1426 5168; x_wconf 87' lang='lat' dir='ltr'>cognitionem</span> <span class='ocrx_word' id='word_1_428' title='bbox 1452 5071 1595 5168; x_wconf 82' lang='lat' dir='ltr'>ingenie</span> <span class='ocrx_word' id='word_1_429' title='bbox 1624 5067 1744 5144; x_wconf 86' lang='lat' dir='ltr'>trahet</span> <span class='ocrx_word' id='word_1_430' title='bbox 1769 5075 1864 5172; x_wconf 88' lang='lat' dir='ltr'>cpti-</span> 
     </span>
     <span class='ocr_line' id='line_1_42' title="bbox 208 5167 1866 5273; baseline -0.001 -29"><span class='ocrx_word' id='word_1_431' title='bbox 208 5197 286 5261; x_wconf 83' lang='lat' dir='ltr'>ma3</span> <span class='ocrx_word' id='word_1_432' title='bbox 312 5198 384 5272; x_wconf 90' lang='lat' dir='ltr'>quo</span> <span class='ocrx_word' id='word_1_433' title='bbox 410 5175 508 5246; x_wconf 88' lang='lat' dir='ltr'>enim</span> <span class='ocrx_word' id='word_1_434' title='bbox 534 5174 685 5273; x_wconf 80' lang='lat' dir='ltr'>quinque</span> <span class='ocrx_word' id='word_1_435' title='bbox 708 5178 856 5246; x_wconf 77' lang='lat' dir='ltr'>caeteris</span> <span class='ocrx_word' id='word_1_436' title='bbox 885 5185 1063 5271; x_wconf 78' lang='lat' dir='ltr'>praestare</span> <span class='ocrx_word' id='word_1_437' title='bbox 1087 5188 1125 5246; x_wconf 89' lang='lat' dir='ltr'>et</span> <span class='ocrx_word' id='word_1_438' title='bbox 1157 5173 1362 5244; x_wconf 74' lang='lat' dir='ltr'>solidiorem</span> <span class='ocrx_word' id='word_1_439' title='bbox 1396 5172 1636 5244; x_wconf 88' lang='lat' dir='ltr'>eruditionem</span> <span class='ocrx_word' id='word_1_440' title='bbox 1663 5167 1730 5241; x_wconf 83' lang='lat' dir='ltr'>eibi</span> <span class='ocrx_word' id='word_1_441' title='bbox 1762 5196 1866 5243; x_wconf 85' lang='lat' dir='ltr'>corn·</span> 
     </span>
     <span class='ocr_line' id='line_1_43' title="bbox 209 5269 1865 5372; baseline 0.001 -30"><span class='ocrx_word' id='word_1_442' title='bbox 209 5298 333 5369; x_wconf 83' lang='lat' dir='ltr'>parate</span> <span class='ocrx_word' id='word_1_443' title='bbox 365 5273 505 5363; x_wconf 86' lang='lat' dir='ltr'>utudet,</span> <span class='ocrx_word' id='word_1_444' title='bbox 539 5295 580 5345; x_wconf 88' lang='lat' dir='ltr'>eu</span> <span class='ocrx_word' id='word_1_445' title='bbox 616 5275 730 5372; x_wconf 82' lang='lat' dir='ltr'>magio</span> <span class='ocrx_word' id='word_1_446' title='bbox 764 5275 990 5372; x_wconf 78' lang='lat' dir='ltr'>antiquitatis</span> <span class='ocrx_word' id='word_1_447' title='bbox 1024 5271 1135 5366; x_wconf 84' lang='lat' dir='ltr'>gloria</span> <span class='ocrx_word' id='word_1_448' title='bbox 1171 5273 1323 5344; x_wconf 88' lang='lat' dir='ltr'>ducitur.</span> <span class='ocrx_word' id='word_1_449' title='bbox 1361 5269 1524 5342; x_wconf 75' lang='lat' dir='ltr'>Infantes</span> <span class='ocrx_word' id='word_1_450' title='bbox 1550 5269 1616 5344; x_wconf 85' lang='lat' dir='ltr'>favi</span> <span class='ocrx_word' id='word_1_451' title='bbox 1644 5270 1865 5368; x_wconf 80' lang='lat' dir='ltr'>incipientes</span> 
     </span>
     <span class='ocr_line' id='line_1_44' title="bbox 205 5367 1863 5473; baseline -0.001 -31"><span class='ocrx_word' id='word_1_452' title='bbox 205 5397 293 5471; x_wconf 85' lang='lat' dir='ltr'>quoe</span> <span class='ocrx_word' id='word_1_453' title='bbox 326 5387 453 5446; x_wconf 86' lang='lat' dir='ltr'>natura</span> <span class='ocrx_word' id='word_1_454' title='bbox 487 5387 523 5444; x_wconf 89' lang='lat' dir='ltr'>et</span> <span class='ocrx_word' id='word_1_455' title='bbox 558 5373 695 5446; x_wconf 82' lang='lat' dir='ltr'>indolet</span> <span class='ocrx_word' id='word_1_456' title='bbox 728 5373 773 5447; x_wconf 86' lang='lat' dir='ltr'>nd</span> <span class='ocrx_word' id='word_1_457' title='bbox 816 5377 953 5473; x_wconf 84' lang='lat' dir='ltr'>majora</span> <span class='ocrx_word' id='word_1_458' title='bbox 998 5385 1120 5462; x_wconf 89' lang='lat' dir='ltr'>vocat,</span> <span class='ocrx_word' id='word_1_459' title='bbox 1153 5371 1359 5444; x_wconf 78' lang='lat' dir='ltr'>intellectus</span> <span class='ocrx_word' id='word_1_460' title='bbox 1403 5369 1608 5443; x_wconf 85' lang='lat' dir='ltr'>rudimenta</span> <span class='ocrx_word' id='word_1_461' title='bbox 1653 5395 1673 5443; x_wconf 87' lang='lat' dir='ltr'>u</span> <span class='ocrx_word' id='word_1_462' title='bbox 1709 5367 1863 5460; x_wconf 85' lang='lat' dir='ltr'>sabulis,</span> 
     </span>
     <span class='ocr_line' id='line_1_45' title="bbox 206 5468 1861 5571; baseline -0.002 -25"><span class='ocrx_word' id='word_1_463' title='bbox 206 5498 295 5570; x_wconf 83' lang='lat' dir='ltr'>quaa</span> <span class='ocrx_word' id='word_1_464' title='bbox 330 5472 539 5546; x_wconf 76' lang='lat' dir='ltr'>obstetrices</span> <span class='ocrx_word' id='word_1_465' title='bbox 575 5488 742 5562; x_wconf 85' lang='lat' dir='ltr'>ttarrant,</span> <span class='ocrx_word' id='word_1_466' title='bbox 768 5499 879 5571; x_wconf 79' lang='lat' dir='ltr'>usque</span> <span class='ocrx_word' id='word_1_467' title='bbox 914 5475 1003 5545; x_wconf 89' lang='lat' dir='ltr'>dum</span> <span class='ocrx_word' id='word_1_468' title='bbox 1036 5494 1157 5542; x_wconf 87' lang='lat' dir='ltr'>rerum</span> <span class='ocrx_word' id='word_1_469' title='bbox 1192 5474 1391 5570; x_wconf 81' lang='lat' dir='ltr'>cognitione</span> <span class='ocrx_word' id='word_1_470' title='bbox 1417 5469 1554 5542; x_wconf 84' lang='lat' dir='ltr'>firmati</span> <span class='ocrx_word' id='word_1_471' title='bbox 1580 5472 1620 5542; x_wconf 91' lang='lat' dir='ltr'>in</span> <span class='ocrx_word' id='word_1_472' title='bbox 1645 5468 1755 5543; x_wconf 86' lang='lat' dir='ltr'>ardua</span> <span class='ocrx_word' id='word_1_473' title='bbox 1785 5493 1861 5542; x_wconf 86' lang='lat' dir='ltr'>nta-</span> 
     </span>
     <span class='ocr_line' id='line_1_46' title="bbox 207 5571 1860 5673; baseline -0.002 -28"><span class='ocrx_word' id='word_1_474' title='bbox 207 5579 261 5670; x_wconf 83' lang='lat' dir='ltr'>giu</span> <span class='ocrx_word' id='word_1_475' title='bbox 296 5588 482 5673; x_wconf 84' lang='lat' dir='ltr'>penetrare</span> <span class='ocrx_word' id='word_1_476' title='bbox 520 5573 654 5648; x_wconf 85' lang='lat' dir='ltr'>valent.</span> <span class='ocrx_word' id='word_1_477' title='bbox 691 5575 808 5647; x_wconf 83' lang='lat' dir='ltr'>Exilia</span> <span class='ocrx_word' id='word_1_478' title='bbox 841 5574 1053 5672; x_wconf 88' lang='lat' dir='ltr'>pierumque</span> <span class='ocrx_word' id='word_1_479' title='bbox 1087 5571 1242 5645; x_wconf 87' lang='lat' dir='ltr'>eruditio</span> <span class='ocrx_word' id='word_1_480' title='bbox 1276 5582 1483 5670; x_wconf 84' lang='lat' dir='ltr'>reputatur,</span> <span class='ocrx_word' id='word_1_481' title='bbox 1508 5594 1600 5667; x_wconf 89' lang='lat' dir='ltr'>quac</span> <span class='ocrx_word' id='word_1_482' title='bbox 1628 5571 1668 5644; x_wconf 88' lang='lat' dir='ltr'>in</span> <span class='ocrx_word' id='word_1_483' title='bbox 1696 5593 1860 5668; x_wconf 80' lang='lat' dir='ltr'>proesen-</span> 
     </span>
    </p>
   </div>
   <div class='ocr_carea' id='block_1_11' title="bbox 206 5667 1860 5845">
    <p class='ocr_par' dir='ltr' id='par_1_11' title="bbox 206 5667 1860 5845">
     <span class='ocr_line' id='line_1_47' title="bbox 206 5667 1860 5829; baseline -0.002 -83"><span class='ocrx_word' id='word_1_484' title='bbox 206 5677 308 5824; x_wconf 55' lang='lat' dir='ltr'>‘inme</span> <span class='ocrx_word' id='word_1_485' title='bbox 330 5677 531 5829; x_wconf 40' lang='lat' dir='ltr'>cqgtt&#39;iltqotqe</span> <span class='ocrx_word' id='word_1_486' title='bbox 563 5673 744 5766; x_wconf 77' lang='lat' dir='ltr'>subsistit,</span> <span class='ocrx_word' id='word_1_487' title='bbox 775 5689 812 5748; x_wconf 88' lang='lat' dir='ltr'>et</span> <span class='ocrx_word' id='word_1_488' title='bbox 846 5687 1013 5750; x_wconf 82' lang='lat' dir='ltr'>veterum</span> <span class='ocrx_word' id='word_1_489' title='bbox 1046 5676 1220 5746; x_wconf 86' lang='lat' dir='ltr'>memoria</span> <span class='ocrx_word' id='word_1_490' title='bbox 1263 5671 1494 5825; x_wconf 38' lang='lat' dir='ltr'>destituitur&amp;</span> <span class='ocrx_word' id='word_1_491' title='bbox 1524 5692 1589 5743; x_wconf 89' lang='lat' dir='ltr'>nec</span> <span class='ocrx_word' id='word_1_492' title='bbox 1629 5667 1770 5744; x_wconf 85' lang='lat' dir='ltr'>indoleo</span> <span class='ocrx_word' id='word_1_493' title='bbox 1808 5671 1860 5742; x_wconf 85' lang='lat' dir='ltr'>rei</span> 
     </span>
     <span class='ocr_line' id='line_1_48' title="bbox 307 5775 1332 5845; baseline -0.007 -16"><span class='ocrx_word' id='word_1_494' title='bbox 307 5785 348 5845; x_wconf 73' lang='lat' dir='ltr'>try</span> <span class='ocrx_word' id='word_1_495' title='bbox 366 5775 389 5826; x_wconf 75' lang='grc' dir='ltr'>ιι·</span> <span class='ocrx_word' id='word_1_496' title='bbox 433 5792 471 5832; x_wconf 89' lang='grc' dir='ltr'>ο.</span> <span class='ocrx_word' id='word_1_497' title='bbox 517 5815 523 5828; x_wconf 95' lang='grc'><strong><em>.</em></strong></span> <span class='ocrx_word' id='word_1_498' title='bbox 1330 5815 1332 5822; x_wconf 97' lang='grc'>.</span> 
     </span>
    </p>
   </div>
   <div class='ocr_carea' id='block_1_12' title="bbox 0 0 2226 6148">
    <p class='ocr_par' dir='ltr' id='par_1_12' title="bbox 0 0 2226 6148">
     <span class='ocr_line' id='line_1_49' title="bbox 0 0 2226 6148; baseline 0 0"><span class='ocrx_word' id='word_1_499' title='bbox 0 0 2226 6148; x_wconf 95' lang='lat' dir='ltr'> </span> 
     </span>
    </p>
   </div>
  </div>
 </body>
</html>
