4364 6194
214 261 269 318 ’lii
772 267 823 322 ott
839 265 930 324 tunt!
949 263 1157 324 ttttEttotttttt
1175 281 1238 322 erc.
1737 263 1796 325 333

158 368 203 432 ei,
224 361 342 417 mortona
362 361 407 416 ille
424 361 591 417 in'instorlia
603 401 611 428 ,
624 363 665 418 eei
686 363 801 420 inclusus
818 366 853 419 ob
871 371 974 438 eonspi-
1028 366 1102 418 rasit.
1121 365 1174 418 ser
1199 358 1350 420 hisce'srais
1376 357 1484 419 deliciis
1500 379 1553 420 troo
1579 357 1625 418 diu
1645 363 1703 420 irui
1723 375 1845 440 poteratj

158 449 391 515 ratlnoero.cnins
409 459 499 502 eontra
516 447 677 501 cardinalem
696 450 729 502 de
748 449 885 504 ilichelieo
904 471 976 504 aeru-
1025 451 1148 518 quoniam
1176 450 1254 518 pardo
1274 460 1332 518 post
1350 451 1461 502 alterurn
1488 451 1639 520 perperiotn
1666 452 1710 508 ilis
1728 453 1846 508 animam

156 539 267 594 „batur-
287 537 351 591 Viri.
368 537 408 589 ier
422 534 514 606 intrig.
530 538 585 608 gal.
601 555 629 607 p.
648 537 672 590 2.
683 555 708 608 p.
723 535 765 588 tto.
782 538 865 592 Perat,
876 555 903 609 p.
915 539 976 591 m,
1027 531 1140 594 eliiarit,
1154 535 1261 602 pulione
1274 545 1399 586 senerata
1419 548 1529 588 mortem
1547 535 1615 588 bane
1633 548 1801 604 procurante,
1817 545 1847 591 ol

157 620 190 674 isa
209 625 251 676 rie
269 624 304 674 dtr
329 620 454 674 Gordiani
473 621 505 676 tir
531 621 688 688 Riuhelieu,
706 641 736 690 p.
761 625 785 675 1.
809 641 835 689 ρ,
859 641 895 676 aas.
915 624 975 676 293,
1026 619 1150 669 creditur.
1170 619 1233 670 Viri.
1251 620 1292 686 leg
1309 617 1402 689 intrig.
1425 620 1478 685 gui.
1495 639 1521 685 p.
1541 621 1564 672 2.
1587 639 1612 686 p.
1639 621 1702 674 282.
1725 621 1847 692 I'Erprir
1889 653 1895 668 .

159 706 219 758 333,
230 706 294 759 458,
1015 699 1146 768 siraniit'er
1162 701 1194 754 de
1214 703 1353 762 Trinnon,
1367 721 1403 755 ota
1422 705 1441 753 Ρ
1450 703 1608 774 opporilinn
1625 705 1657 756 tie
1671 705 1696 756 in
1710 705 1851 760 Busirem

102 793 142 844 30
168 823 173 828 -
196 791 235 842 lTx
253 791 375 846 Henrinn
401 790 434 841 sie
457 789 572 849 saura.
587 788 652 857 filio
678 789 874 862 d’Enlropuea
897 797 976 850 atre„
1027 785 1060 838 de
1075 789 1365 864 Pontcrrpe,a}’urir
1385 789 1463 840 tout.
1481 791 1582 857 Quarto
1598 791 1711 860 denique
1729 791 1785 846 lece
1802 792 1847 846 de·
1866 770 1905 823 ³⁶

159 873 318 926 concubina.
337 874 495 924 sarceeeiauea
512 872 649 924 Gabrieiis
679 873 705 923 ‹i’
722 875 812 939 Etree,
836 896 912 947 quam
932 899 978 934 m
1028 874 1115 940 perire
1135 889 1221 924 noster
1239 874 1383 940 incipiebat
1402 875 1524 926 nradnme
1543 875 1575 924 d·
1592 875 1769 941 Maintenon,
1783 891 1848 945 quae

160 955 390 1012 Harciaionr‘ssnm
410 958 443 1010 cie
467 959 595 1010 Varneiir'l
617 959 738 1025 creabat,
758 961 793 1013 Iar
813 963 904 1033 irrtrig.
923 967 978 1034 3⁰¹·
1028 959 1195 1022 gubernatrix
1209 966 1232 1010 et
1246 955 1350 1026 Ephoro
1363 957 1508 1008 hheroruna
1523 957 1555 1008 de
1568 958 1591 1007 ha
1605 959 1766 1026 Montespro
1775 969 1852 1022 erat,-

154 1061 183 1112 p.
195 1041 223 1092 2.
234 1057 262 1106 p.
281 1040 419 1094 biario.
433 1043 488 1094 nati
503 1043 555 1113 ipsi
569 1055 627 1092 snut
641 1047 837 1107 cr.)ilenrir.·us
851 1048 884 1100 ale
897 1048 976 1100 Bone.
1029 1041 1095 1092 hanc
1114 1043 1285 1111 posteriorem
1312 1059 1370 1092 eum
1392 1057 1439 1092 rex
1465 1039 1627 1110 frequentius
1653 1042 1794 1108 inviseret,
1817 1045 1853 1096 iar

159 1125 227 1189 bon,
245 1122 295 1176 duc
314 1125 347 1178 de
366 1127 513 1188 Vernlleil,
533 1127 672 1195 epriseopus
700 1131 842 1195 metensis,
862 1131 900 1183 ier
918 1131 980 1183 incr.
1030 1127 1153 1178 notitiam
1173 1143 1235 1176 cum
1263 1125 1348 1194 ip-ins
1372 1125 1552 1194 gubernatrice
1579 1125 1716 1194 perressit,
1736 1141 1852 1196 eumque

153 1209 208 1279 gni.
224 1227 249 1268 o.
268 1209 311 1261 98.
329 1220 355 1262 et
376 1208 463 1262 Perei'·
477 1228 503 1277 ρ.
517 1211 577 1262 etti.
591 1206 643 1282 β.)
655 1213 807 1277 Gabrieiis,
823 1231 888 1267 rrror
903 1213 978 1264 Bern-
1030 1211 1101 1261 iliius
1121 1210 1246 1279 singulari
1265 1211 1364 1276 pralicio
1382 1211 1523 1278 insignitur
1543 1209 1729 1273 delectaretur,
1743 1227 1794 1262 nort
1808 1225 1851 1262 as*-

161 1293 235 1346 tacut
254 1293 288 1346 sle
304 1295 436 1363 Nogaret,
463 1296 539 1349 dueis
566 1297 730 1367 espernouii.
749 1297 775 1359 †.
797 1299 876 1349 1027.
896 1295 978 1350 Persi.
1030 1295 1140 1347 stinrare
1162 1298 1243 1346 solum
1273 1296 1359 1358 illam,
1386 1297 1431 1345 seri
1461 1295 1582 1348 adamare
1608 1295 1787 1346 intensissime
1812 1295 1856 1346 ior

158 1393 186 1446 p.
206 1377 268 1428 tot.
1032 1378 1154 1429 choahat.
1172 1378 1234 1428 Erat
1261 1377 1305 1428 illa
1325 1389 1399 1430 antea
1419 1379 1446 1429 ln
1476 1389 1532 1431 tore
1558 1378 1713 1441 Scarroois,
1732 1379 1852 1430 decanta·
1868 1371 1904 1424 d'i

97 1475 144 1528 31
201 1461 292 1514 Tertia
319 1459 524 1514 eoocubiosrum
555 1466 736 1534 appellabatur
763 1466 925 1537 Jncpuelirte
949 1465 981 1518 rie
1032 1462 1130 1513 tissimi
1152 1461 1225 1512 iilius
1244 1461 1340 1531 poetae
1358 1471 1383 1513 et
1409 1463 1515 1530 satyrici
1542 1461 1646 1529 gallici,
1665 1477 1741 1530 quam
1764 1471 1856 1513 tameo·

159 1545 256 1606 Burri,
275 1547 413 1598 camarina
437 1547 469 1599 de
490 1549 602 1612 ailarec,
620 1567 696 1620 quam
723 1565 770 1603 rer
799 1553 924 1620 Philippo
949 1549 981 1600 sle
1033 1547 1154 1614 copulam
1174 1561 1245 1596 mors
1271 1563 1323 1597 non
1344 1547 1426 1598 inulto
1445 1557 1501 1614 post
1527 1545 1658 1598 dissolvit.
1682 1547 1737 1602 lea
1760 1543 1857 1616 iniri?

159 1631 272 1700 iiarlay,
296 1632 389 1684 consiti
417 1631 449 1684 de
482 1633 572 1698 Grais,
598 1636 636 1686 in
667 1653 773 1688 uxorem
812 1636 899 1700 dedit,
935 1635 982 1686 sub
1027 1630 1267 1699 gn1.p.293.Er
1295 1630 1337 1680 his
1362 1632 1518 1683 concubinis
1543 1649 1589 1684 rer
1613 1629 1740 1683 Francius
1766 1633 1855 1684 rarior

161 1729 228 1766 ssrts
246 1716 357 1782 quadam
382 1715 552 1778 conditione,
570 1735 636 1786 quse
659 1737 783 1788 expresse
809 1719 872 1771 dans
900 1721 936 1771 ies
955 1739 980 1770 a·
1032 1719 1133 1769 ¹sustulit
1154 1717 1323 1786 liberos,qui
1345 1735 1396 1770 nou
1416 1719 1498 1777 solum
1518 1719 1631 1768 summis
1647 1717 1851 1770 utuolalrono

160 1813 246 1850 nourr
273 1799 309 1848 tin
332 1799 415 1866 prend
442 1799 585 1863 hleaudre,
605 1821 638 1854 orr
664 1805 696 1854 de
722 1805 812 1876 fleury
836 1805 882 1858 iv.
899 1821 926 1870 p.
947 1821 982 1854 m.
1031 1801 1120 1866 ribus,
1142 1803 1186 1855 sed
1208 1816 1232 1855 et
1258 1821 1314 1855 curn
1337 1805 1464 1871 sanguine
1488 1807 1563 1873 regio
1584 1805 1745 1857 bourbonico
1763 1815 1855 1858 mutue

162 1883 222 1934 233.
242 1895 268 1935 rt
285 1883 347 1934 Μ.
366 1883 425 1954 Gay
446 1886 541 1954 Potin,
559 1899 626 1940 com·
647 1891 670 1940 1.
691 1889 708 1942 i.
731 1891 791 1941 130.
808 1909 833 1959 p.
854 1890 917 1941 588.
934 1889 981 1942 Ce·
1034 1889 1199 1939 matrimonia
1221 1889 1364 1940 iniverunt.
1383 1889 1422 1940 Er
1442 1890 1526 1958 prima
1546 1902 1630 1941 autern
1651 1889 1796 1945 concubina
1815 1889 1849 1944 rie
1869 1873 1910 1926 ³⁸·

160 1966 242 2019 telaria
259 1975 300 2019 esi
318 1967 410 2020 haecce
436 1969 573 2021 comitissa
600 1973 628 2022 in
654 1973 854 2040 euphorminnis
873 1972 983 2038 satyrico
1032 1970 1060 2021 in
1085 1969 1197 2022 Vniiere
1215 1973 1265 2040 ipsi
1287 1971 1336 2023 dnn
1355 1973 1410 2022 oali
1432 1985 1491 2025 suot
1512 1973 1608 2036 lihesi,
1628 1969 1684 2026 biis
1705 1973 1849 2026 madcmoi-

159 2049 208 2103 sttit
227 2051 463 2104 aenainscasiuae.
479 2051 690 2106 Alterasdeirulc
709 2057 812 2126 nuptias
830 2073 887 2108 eum
907 2057 980 2107 tlar·
1035 2055 1098 2106 §elie
1116 2055 1148 2105 tie
1164 2054 1239 2106 'Binis
1265 2055 1585 2125 ltctr,qrrae1mtaatro-
1606 2056 1848 2124 &trondomin-

161 2131 255 2184 chione
273 2133 306 2186 de
323 2133 423 2188 varies
435 2137 584 2201 contraris,
605 2135 724 2200 Pereiix,
740 2157 767 2205 p.
791 2138 853 2190 tstts.
877 2137 915 2190 Er
935 2139 983 2190 hoe
1032 2137 1087 2206 cipi
1105 2141 1225 2190 cantiam
1243 2139 1269 2190 in
1291 2139 1434 2193 thalamum
1462 2142 1519 2191 data
1539 2139 1607 2205 init,
1626 2151 1652 2192 et
1677 2136 1749 2190 lilius
1764 2137 1848 2192 Lucu

163 2216 301 2268 concubitu
321 2219 390 2285 regis
409 2233 468 2269 cum
486 2222 624 2270 comitissa
639 2224 671 2272 ale
690 2223 775 2274 Moret
796 2224 915 2290 provenit
933 2223 981 2270 hu·
1034 2220 1104 2272 ricus
1117 2221 1153 2272 ale
1174 2223 1316 2286 Bourhou,
1335 2242 1423 2276 comes
1442 2224 1475 2277 tie
1488 2226 1679 2288 Vermenriois,
1700 2223 1847 2276 strat-astar-
1867 2223 1909 2276 33

164 2300 252 2354 tonius
271 2300 303 2352 sle
323 2300 446 2355 Bourhon
476 2294 622 2356 carnesve
634 2307 738 2367 Hares,
753 2308 854 2357 occisus
867 2324 890 2357 a.
905 2307 981 2358 1⁰32
1033 2303 1096 2354 chus
1114 2303 1247 2358 Franciae.
1262 2307 1300 2358 De
1319 2311 1433 2360 secunda
1453 2309 1601 2362 concubina
1617 2309 1747 2376 copiosior
1765 2307 1857 2360 aliua

162 2386 190 2436 in
211 2387 310 2453 prselin
329 2387 361 2437 ad
381 2387 599 2458 Castelnandary,
615 2390 763 2444 Pereiioe.
781 2391 875 2444 cister
891 2391 983 2464 intrig.
1033 2389 1134 2442 soboles
1161 2393 1212 2460 ipsi
1239 2394 1341 2456 estitit,
1360 2412 1374 2448 e
1391 2396 1464 2462 cujus
1489 2411 1599 2446 nrrmern
1624 2392 1680 2445 hlia
1702 2391 1858 2446 tucamur

160 2467 336 2538 3a1.p.¹ii.
1032 2477 1096 2529 selle
1115 2479 1148 2530 rie
1171 2477 1273 2545 Toum,
1292 2491 1315 2532 et
1340 2477 1421 2532 irater
1449 2497 1538 2532 eomes
1558 2477 1734 2540 ‘ructant-a.
1753 2477 1848 2531 thalas-

104 2557 143 2612 32
198 2552 236 2604 Ει
254 2565 345 2622 quarta
367 2557 490 2610 cartana
508 2557 555 2610 des
572 2559 710 2624 Essnrcis,
730 2563 844 2614 naloraii
864 2559 919 2618 lilia
937 2563 978 2614 ba·
1032 2560 1149 2612 siarchus
1168 2563 1262 2616 itidem
1287 2564 1429 2628 Francius,
1448 2563 1562 2615 coelibes
1589 2563 1763 2614 decesserunt.
1788 2558 1852 2613 rm

159 2639 280 2688 rontsrle
300 2641 407 2690 sarolus
426 2641 453 2691 in
473 2642 709 2710 Canrpagniaduns
728 2644 818 2696 hahuit
838 2644 982 2708 bliardo·
1034 2649 1180 2712 mogetrittrs
1205 2648 1288 2715 ipsius
1311 2645 1384 2698 littus
1411 2659 1466 2699 erat
1492 2646 1640 2698 Ludoricns
1668 2645 1797 2712 trigonus
1815 2644 1858 2698 dr

159 2718 462 2786 bennam,abbatissam
484 2723 516 2774 de
535 2725 759 2786 Fonteorault,et
778 2727 891 2778 Mariam
913 2731 983 2780 lien·
1034 2727 1172 2792 Bourbon,
1192 2731 1254 2782 ltux
1283 2730 1315 2782 rle
1347 2729 1646 2795 lliairre,rl'llunrales,
1666 2731 1788 2798 prinecps
1819 2729 1862 2782 de·

163 2805 261 2869 ricem,
281 2804 435 2857 abbatiarum
455 2807 488 2858 de
506 2806 624 2870 chelles,
641 2809 838 2876 reralpbos.
859 2811 982 2880 Reliquas
1033 2811 1164 2874 Dornhes,
1183 2831 1270 2866 cosues
1289 2813 1381 2875 d'Eu,
1401 2833 1448 2880 par
1470 2813 1617 2877 Francire,
1643 2815 1786 2866 colonellas
1811 2831 1861 2882 gea

165 2888 235 2955 regis
252 2890 425 2952 concubinas,
442 2907 551 2957 quarum
569 2892 739 2944 adhucdum
760 2893 798 2943 ier
817 2892 909 2961 intrig.
925 2895 982 2963 gni.
1039 2895 1323 2950 tteralisiieiretinront
1337 2909 1364 2950 et
1385 2897 1545 2956 Grisouum.
1565 2899 1726 2967 guberuator
1748 2899 1862 2968 prosin-¹

163 2975 263 3025 mentio
281 2971 309 3026 l'u
321 3010 327 3037 ,
339 2975 449 3025 silentio
467 2975 671 3043 praeteribimus
682 3011 688 3036 ,
701 2989 758 3026 eum
778 2991 811 3026 ex
831 2977 886 3027 iilis
906 2987 982 3030 natos
1031 2981 1085 3030 eine
1097 2979 1307 3048 Languerlociae,
1321 2982 1462 3036 colonellas
1481 2983 1597 3033 cohortis
1611 2981 1759 3052 pedestris,
1771 3000 1858 3050 eques,

163 3061 262 3111 liberos
281 3075 330 3128 pro
349 3061 404 3110 suis
423 3078 474 3111 non
493 3061 646 3128 agnoverit,
664 3060 709 3114 sed
736 3062 818 3112 solum
839 3063 866 3112 8.
881 3061 931 3113 isos
949 3079 980 3115 ex
1030 3063 1153 3115 ordinum
1182 3065 1334 3133 regiorum,
1352 3077 1378 3118 et
1404 3069 1534 3134 generalis
1552 3071 1710 3118 exercituum
1737 3083 1852 3118 suorums

162 3140 206 3194 itis
225 3140 249 3194 d.
269 3143 411 3212 pellicibus
435 3145 538 3211 genitos
559 3162 606 3212 pro
634 3147 728 3197 talibus
755 3145 885 3198 babuerit.
903 3145 981 3198 Corui.
1031 3147 1193 3216 Larinrrip
1210 3151 1264 3218 gol.
1284 3167 1311 3215 p.
1331 3149 1394 3214 dep.
1415 3149 1476 3202 20⁹.
1495 3149 1571 3220 Quod
1591 3169 1687 3217 quaeso
1706 3167 1792 3220 syrma
1813 3150 1855 3203 lta

163 3225 183 3278 Γ
197 3226 265 3280 Erat
288 3227 319 3278 de
345 3226 371 3278 in
399 3227 507 3280 Franco
535 3237 600 3280 lem.
626 3232 649 3283 i.
675 3239 748 3298 porr.
772 3229 798 3279 3.
822 3247 885 3298 cap·
909 3231 934 3284 i.
954 3251 981 3301 p.
1031 3231 1194 3298 gnitatnmet
1210 3234 1335 3285 honorum
1357 3233 1448 3285 insana
1468 3234 1640 3303 personsiln
1656 3236 1861 3287 matrimonium·

16 3359 17 3376 ,
161 3326 198 3361 stt.
215 3307 276 3362 titt.
1030 3315 1140 3382 insuper
1164 3316 1250 3366 adhue
1275 3317 1373 3386 recepit
1396 3334 1411 3368 e
1442 3319 1514 3385 regio
1543 3320 1671 3385 sanguiue
1700 3329 1859 3388 prognatam

16 3439 17 3454 ³
107 3399 143 3452 33
198 3391 366 3446 Pervenimus
385 3393 412 3444 in
434 3395 597 3462 pertexendo
614 3397 728 3464 catalogo
746 3396 889 3448 liberorum
910 3408 981 3449 nato·
1031 3399 1220 3468 principissam
1241 3399 1273 3451 de
1292 3398 1396 3463 cond&
1417 3412 1443 3452 nt
1462 3403 1500 3452 sic
1518 3418 1549 3452 er
1569 3401 1641 3452 omui
1672 3412 1746 3469 parte
1765 3400 1863 3454 beatusr

160 3476 254 3528 raliurn
275 3477 420 3528 illustrium
439 3477 544 3530 Gallice
563 3479 691 3548 usquead
718 3479 874 3530 modernum
894 3495 980 3546 regern
1033 3496 1109 3536 esset.
1129 3483 1173 3536 Sic
1192 3483 1339 3537 Lurloricus
1357 3503 1459 3554 qunque
1478 3487 1605 3554 princeps
1615 3486 1646 3537 de
1659 3485 1756 3540 caute·
1769 3482 1860 3537 filiam*

158 3557 472 3622 Franciae,1.udoricum
491 3559 620 3629 illumi
641 3569 665 3613 et
684 3557 894 3613 rrohtlrtttttioeex
913 3575 981 3616 utro·
1033 3567 1176 3618 naturalem
1195 3585 1210 3620 e
1229 3569 1400 3637 Montespan,
1414 3566 1536 3620 botrisam
1556 3567 1723 3621 Franciscans
1743 3569 1770 3620 in
1791 3585 1852 3622 uxot

159 3659 210 3710 que
230 3651 286 3694 loro
304 3655 409 3694 strenue
427 3657 532 3712 operam
554 3645 639 3696 dedit.
659 3647 728 3700 Sunt
756 3647 839 3717 ipsius
857 3649 978 3700 concubi-
1033 3667 1089 3702 rem
1110 3650 1202 3714 duait,
1222 3652 1306 3721 qualis
1326 3650 1440 3725 felicitas
1459 3669 1562 3720 quaque
1581 3663 1643 3705 natu
1663 3651 1789 3704 minimae
1808 3670 1852 3705 so·

163 3745 212 3780 nae
232 3730 259 3780 in
278 3729 398 3779 omnium
425 3731 536 3790 notitia,
556 3742 585 3782 ut
604 3741 689 3782 sctum
716 3749 866 3801 ageremus,
884 3734 907 3784 si
928 3733 983 3784 ilia·
1031 3732 1086 3784 rori
1112 3735 1226 3803 obtigit,
1246 3735 1309 3786 dum
1340 3735 1417 3786 ducis
1435 3736 1625 3788 aurelianensis
1649 3733 1708 3788 litto
1731 3737 1860 3806 legitimo·

165 3830 222 3866 rum
243 3811 373 3882 syllaburn
396 3812 473 3866 edere
490 3815 625 3866 reliemus.
644 3817 713 3886 Quis
731 3834 783 3869 uon
802 3816 879 3868 rerba
898 3815 981 3868 iacere
1032 3817 1091 3869 riuci
1111 3819 1147 3870 tie
1165 3819 1288 3872 Chartres
1314 3821 1445 3888 conjugali
1474 3821 1579 3874 rincuio
1597 3823 1684 3888 juncta
1705 3819 1763 3872 iuil.
1782 3817 1852 3870 conh

166 3895 269 3950 audivit
286 3897 318 3948 dc
337 3895 436 3950 famosa
454 3899 482 3949 iar
508 3897 631 3961 Valiere,
651 3900 717 3952 ciris
742 3901 893 3954 turonensis
909 3899 981 3964 iiiia,
1031 3903 1142 3956 L'Blnt
1159 3905 1191 3955 rie
1210 3903 1236 3954 ht
1254 3903 1382 3968 Fronce,
1401 3915 1466 3956 tom.
1488 3907 1512 3955 i.
1529 3923 1556 3970 p.
1577 3905 1601 3955 3.
1620 3920 1642 3954 c,
1658 3905 1681 3954 3.
1694 3921 1722 3969 p.
1741 3921 1774 3954 m·
1790 3901 1852 3967 ⁴92,

166 3981 333 4051 postmodum
355 3984 529 4052 inpynaeceo
553 3983 743 4034 aurelianensis
768 3984 926 4044 constituta,
944 3982 983 4035 ies
1031 3999 1103 4053 seqq.
1123 3986 1166 4036 ulai
1187 3986 1257 4054 regis
1276 3985 1355 4052 huius
1375 3986 1499 4040 Ludorici
1520 3987 1593 4043 xtts'.
1620 3986 1762 4039 liberorum
1781 3999 1854 4041 nalo·

161 4065 252 4137 inlrig.
269 4066 325 4136 gni.
341 4085 367 4128 p.
386 4065 410 4118 2.
423 4086 450 4132 p.
463 4066 525 4116 235.
540 4065 679 4133 Postquam
698 4068 838 4136 aliquoties
857 4068 934 4118 enisa
946 4083 982 4116 es-
1033 4071 1125 4120 ralium
1147 4072 1244 4122 raentio
1261 4087 1364 4139 quoque
1382 4071 1511 4138 injicitur.

164 4161 219 4214 set,
240 4165 285 4204 rex
303 4151 451 4202 uberiorem
470 4166 545 4200 snum
567 4147 688 4200 abactam
717 4151 769 4218 ipsi
792 4151 982 4211 declaraturus,
1068 4152 1205 4217 Postquam
1225 4151 1350 4202 hacteuus
1370 4156 1569 4222 perspeximus,
1588 4152 1704 4222 quaesit
1723 4151 1790 4204 ratio
1810 4153 1841 4205 ii·
1862 4149 1909 4203 lu

165 4233 296 4285 alueissam
316 4233 347 4285 de
361 4238 476 4288 Vauiour
494 4251 551 4284 eam
571 4233 759 4300 designatder
776 4234 867 4303 iucrig.
890 4234 980 4303 peip.
1031 4231 1157 4284 berorum
1174 4235 1332 4284 naturalium
1355 4237 1426 4302 regni
1446 4237 1549 4289 Galliae
1569 4237 1595 4287 in
1615 4239 1795 4298 successione,
1814 4237 1849 4288 ad

166 4317 191 4370 3.
207 4336 235 4388 p.
254 4317 517 4370 2bb.'i'an‹lemcurn
538 4315 606 4383 regis
625 4333 698 4368 amur
714 4333 773 4384 erga
795 4317 866 4368 iiiam
887 4316 982 4384 irigere
1031 4334 1140 4384 regnum
1166 4317 1311 4384 Hispaniae
1335 4335 1403 4369 nuno
1429 4320 1519 4388 perlem
1550 4335 1747 4388 promosemus,
1772 4319 1852 4388 hujus

165 4403 303 4472 coepisset,
330 4402 414 4452 treclin
431 4408 475 4451 aul
501 4400 660 4467 poenitentia
686 4400 882 4463 docta,anlarn
902 4401 981 4453 reiin-
1031 4417 1131 4468 quoqne
1150 4401 1221 4467 regui
1242 4400 1382 4454 liberorum
1403 4404 1561 4454 naturalium
1583 4407 1638 4470 jura
1665 4403 1771 4456 ratione
1793 4421 1849 4456 sue·

160 4490 218 4558 qtril
238 4499 261 4540 et
282 4486 407 4540 coenobio
433 4485 587 4538 monialium
607 4485 738 4538 carmeiiti
762 4488 877 4554 regulam
902 4481 981 4556 profi·
1030 4485 1155 4536 sessionis
1172 4486 1359 4537 carminatur.
1377 4485 1506 4538 Videmus
1524 4497 1551 4538 et
1570 4485 1608 4536 ihi
1636 4487 1733 4537 multos
1759 4487 1847 4556 illegi-

162 4573 275 4624 taratium
294 4590 321 4624 ae
340 4570 486 4639 mancipat,
507 4567 614 4622 Louisae
631 4567 664 4620 de
681 4569 866 4623 Misericordia
885 4588 980 4624 nomen
1031 4570 1110 4622 limos
1128 4569 1222 4621 solium
1243 4569 1342 4637 regium
1362 4586 1506 4637 occupasse.
1524 4569 1568 4620 Sic
1587 4567 1764 4638 lrarrragarur
1779 4569 1846 4641 (so-
1865 4546 1899 4602 Μ

108 4682 143 4736 34
162 4655 215 4706 sibi
235 4655 381 4724 imponens.
401 4655 438 4706 ies
456 4650 547 4719 inlrig.
557 4652 613 4722 gal.
625 4671 650 4716 p.
665 4653 728 4717 Ἄρ.
742 4653 803 4706 bii.
822 4654 889 4723 Quis
902 4671 980 4722 porro
1028 4665 1086 4706 csnt
1103 4665 1126 4705 st
1143 4655 1321 4720 Margaretum
1337 4663 1362 4706 et
1381 4653 1567 4723 hiauracatnm)
1579 4653 1716 4720 tyrannide
1733 4671 1853 4722 regnum

163 4751 215 4792 tam
233 4739 326 4807 hospes
345 4733 502 4790 iubistorhr
523 4736 654 4789 hodierna
672 4737 736 4804 erit,
757 4749 784 4790 ul
804 4739 882 4789 sitera
902 4739 978 4803 hrains
1029 4737 1140 4806 legionis
1158 4745 1185 4789 et
1204 4736 1327 4788 Asturum
1348 4737 1463 4799 tnaaatt,
1489 4736 1534 4803 qui
1567 4735 1695 4802 Alphonsi
1723 4737 1744 4788 i.
1773 4733 1847 4791 iilius

161 4827 230 4892 regis
250 4822 373 4886 bmaaia,
388 4823 515 4876 madente
533 4817 568 4873 sia
586 4823 764 4889 navarram,
785 4824 870 4891 ipsum
890 4821 978 4890 ingere
1028 4818 1157 4868 heluidis
1174 4828 1239 4878 erat,
1257 4829 1285 4870 et
1302 4836 1352 4886 ope
1372 4833 1551 4870 saracenorum
1573 4817 1738 4888 Aipbonsorrs
1758 4817 1794 4871 lt.
1808 4823 1844 4874 la.

160 4905 538 4979 possitiieaiatri3.goi.p.
556 4903 811 4958 scriturarum
831 4905 876 4956 illa
895 4905 923 4956 io
943 4909 980 4958 le·
1027 4901 1255 4970 gilimomregem
1281 4903 1378 4954 throno
1404 4899 1606 4967 deturbarent,
1625 4919 1701 4972 quam
1729 4903 1757 4954 in
1787 4923 1847 4960 rem

158 4992 252 5060 gitimn
271 4991 515 5044 matrimoniorum
536 4987 688 5042 marchione
704 4987 736 5042 de
763 4991 921 5058 Montespan
940 4987 979 5040 ri·
1026 4983 1333 5054 quinquagintaoobiles
1350 4987 1448 5057 puellas
1467 4998 1493 5038 et
1513 4986 1623 5040 totidenr
1650 4989 1763 5058 plebeias
1781 4989 1843 5044 Kra-

160 5085 238 5138 seret,
262 5073 289 5126 id
307 5075 394 5144 ipsum
415 5083 503 5125 tameo
522 5091 610 5140 regem
628 5091 682 5125 non
700 5073 847 5125 ebstsrrere
863 5071 976 5136 ualebat,
1026 5066 1087 5118 bum
1105 5067 1215 5120 libidini
1234 5070 1262 5120 in
1283 5069 1410 5122 tributum
1430 5087 1543 5134 annuum
1563 5083 1653 5140 pactus
1665 5082 1713 5124 est.
1726 5072 1843 5129 Boeclen

159 5175 213 5226 qno
229 5157 316 5210 minus
334 5174 450 5211 ansorem
472 5169 693 5226 prosequeretur,
708 5157 735 5208 io
754 5167 870 5217 tantum,
889 5167 918 5208 ot
937 5175 977 5210 ae-
1025 5150 1055 5202 in
1074 5151 1134 5204 ltt'il·
1153 5169 1207 5204 rec·
1224 5153 1276 5206 ῙΧ.
1293 5165 1319 5207 et
1336 5155 1371 5207 Χ.
1387 5171 1452 5225 pag.
1471 5157 1516 5208 33.
1537 5157 1628 5208 brois.
1644 5155 1681 5207 in·
1696 5157 1798 5224 pelitr'c.
1814 5177 1840 5228 p.

160 5257 205 5292 rus
219 5241 325 5293 maritus
337 5257 395 5294 eum
409 5241 466 5292 sois
476 5241 568 5294 liberis
582 5241 694 5310 migrare
707 5241 734 5294 io
744 5241 878 5310 praedium
890 5258 977 5311 aarum,
1026 5235 1094 5288 titt,
1108 5237 1227 5290 Puii'end.
1243 5239 1277 5292 irt-
1292 5239 1392 5293 intrari.
1410 5243 1452 5294 od
1464 5240 1524 5294 hisr-
1543 5257 1603 5312 cop.
1622 5243 1647 5293 2.
1662 5261 1688 5308 pa
1704 5263 1741 5295 mr
1757 5243 1799 5295 bi·
1814 5253 1842 5297 et

104 5341 144 5395 35
162 5334 186 5376 et
204 5323 265 5374 trata
284 5325 376 5391 maiori
402 5324 496 5376 neriere
518 5333 623 5377 enectus
649 5323 746 5388 inerit,
769 5343 796 5392 p.
820 5325 882 5378 360.
902 5326 978 5378 Sicut
1026 5322 1070 5374 dn·
1088 5323 1156 5394 proi.
1175 5321 1319 5376 balduvinus
1337 5325 1590 5378 inconcinnarum
1609 5325 1742 5396 rufini.
1759 5345 1786 5393 μ.
1804 5347 1840 5382 rn.

162 5408 285 5462 ornrrium
304 5425 389 5469 rerum
409 5409 530 5474 satietas,
550 5408 587 5459 ita
612 5423 673 5460 mor
691 5407 765 5460 noris
788 5409 889 5462 irretiri
907 5425 976 5460 arno·
1025 5405 1087 5456 247.
1107 5407 1143 5458 lta
1162 5423 1266 5475 quoque
1282 5409 1411 5459 liamr'rus
1430 5409 1529 5462 Sanctii
1545 5409 1841 5478 majoris,Cartiliaeet
1861 5407 1908 5462 iii·

163 5491 249 5554 ribns,
267 5502 294 5543 et
318 5490 514 5560 pulchritudine
530 5492 564 5543 de
588 5489 763 5562 inscanmrrge
788 5491 815 5542 in
840 5503 974 5561 stuporem
1026 5489 1185 5559 hrrrgoniae
1202 5491 1279 5559 regis,
1297 5507 1330 5542 ex
1348 5491 1441 5560 pellice
1458 5493 1563 5545 Urraca·
1583 5506 1655 5546 uatus
1680 5491 1775 5558 iilius,
1794 5496 1843 5548 Ar·

160 5575 233 5646 quasi
252 5573 307 5644 rapi
328 5574 415 5642 cepit:
433 5571 525 5641 intr-ig.
542 5573 595 5642 goi.
605 5591 634 5645 p.
648 5575 710 5625 338.
730 5577 870 5644 i’oslquam
891 5577 976 5645 prima
1025 5577 1143 5642 sagnuine
1163 5580 1269 5644 regnum
1290 5575 1318 5626 in
1337 5575 1466 5629 diuisione
1484 5589 1591 5648 paterna
1610 5579 1728 5634 obtinuit
1755 5584 1783 5633 iu
1803 5599 1839 5634 rs-

160 5659 217 5718 aice
236 5666 318 5713 mater
335 5655 405 5712 iacta
418 5667 486 5714 esset
504 5657 622 5714 larissae
641 5657 726 5715 titulo·
742 5659 823 5714 illam·
835 5677 889 5718 rer·
902 5659 976 5714 deco·
1024 5661 1234 5717 nuaarattaaaaa
1253 5662 1398 5736 praestitae·
1410 5661 1474 5716 iidei
1495 5681 1621 5721 nosercae
1638 5683 1717 5736 suae,
1737 5665 1769 5720 de
1787 5685 1852 5739 quw
