4336 6170
517 411 1005 496 ntsrnrn't'to
1063 411 1304 492 Pnttttn

263 600 864 720 annuntiationes
898 600 1558 722 unssaauuuonun

609 807 1213 950 anaunensium,

703 1031 879 1074 CONTIMM
899 1033 951 1072 Plio
971 1032 1120 1072 erasnm

689 1194 720 1236 n.
743 1194 873 1238 numu.
896 1189 926 1234 A·
949 1193 1120 1239 nocturn.

313 1339 483 1408 BENED.
509 1339 1107 1426 RElCHdRDTTlFFElleCH,
1131 1337 1297 1411 REROL.
1321 1337 1497 1408 nancti.

682 1523 1136 1590 *mn——

814 1677 857 1746 C.
882 1679 928 1746 D.
954 1678 999 1744 Μ.

185 1817 387 1950 Solemus
412 1885 465 1945 est
493 1869 871 1970 materiam'aliquam
901 1873 1213 1970 interpretaturis,
1240 1872 1461 1970 praefamine
1480 1875 1642 1950 munire.

181 1973 355 2064 aditum,
374 2001 444 2074 quo
461 1977 619 2046 invitare
646 1977 779 2068 pariter
805 1989 840 2042 et
869 1973 1007 2042 facilius
1026 1987 1213 2070 penetrare
1238 1973 1445 2044 creduntur.
1471 1973 1546 2045 llac
1571 1979 1622 2046 vi·

183 2095 228 2142 ce
267 2075 304 2146 id
339 2098 512 2173 occupare
547 2072 709 2174 prolixe,
746 2074 904 2142 instituti
934 2085 971 2142 et
1003 2071 1166 2144 methodi
1199 2089 1392 2172 conceptae
1428 2074 1519 2144 ratio
1552 2074 1622 2144 im·

184 2175 306 2268 pedit.
327 2179 430 2268 Quae
448 2198 507 2244 me
525 2172 583 2244 bic
603 2171 780 2260 moverit,
796 2173 921 2270 paucis
938 2183 975 2242 te
993 2174 1184 2244 certiorem
1206 2170 1338 2260 lacere,
1356 2172 1472 2244 amice
1491 2171 1620 2262 lector,

186 2271 286 2345 sorte
313 2275 475 2375 juvabit3
492 2275 555 2344 aed
582 2273 656 2361 ita,
683 2295 727 2342 ne
752 2275 835 2372 justi
861 2271 1059 2370 praeloquii
1090 2271 1184 2366 leges
1206 2275 1401 2344 incurram.
1425 2272 1622 2344 Versavere

186 2374 367 2446 hactenus
383 2375 473 2446 dum
501 2371 643 2473 publice
668 2373 854 2469 disputare
879 2374 1049 2467 contigit,
1076 2369 1233 2443 laborem
1255 2385 1422 2443 nostrum
1450 2373 1623 2444 materiae

184 2475 331 2571 aliquot
348 2472 531 2574 speciales.
547 2471 652 2542 Nunc
668 2497 753 2544 cum
773 2471 982 2566 magnificus
994 2471 1158 2542 lotorum
1177 2470 1265 2542 ordo
1281 2470 1483 2542 solemnem
1500 2471 1621 2570 dispu-

186 2577 368 2644 tationem
387 2597 451 2674 pro
470 2571 677 2643 obtinendis
694 2569 893 2670 privilegiis
909 2569 1158 2642 doctoralibus
1177 2593 1375 2669 proponere
1392 2573 1533 2668 copiam
1555 2576 1623 2642 mi-

187 2675 227 2744 bi
250 2673 354 2762 lecit,
375 2678 430 2774 jus
448 2673 721 2744 institutionum
740 2669 901 2742 delibare
919 2671 1062 2742 animus
1078 2667 1186 2742 subit.
1203 2671 1278 2742 Eae
1295 2669 1431 2741 etenim
1449 2673 1620 2765 quoniam

185 2777 352 2870 integrae
369 2771 584 2872 prudentiae
602 2773 691 2870 juris
708 2782 916 2844 accuratum
935 2769 1195 2868 compendium
1222 2768 1417 2854 exhibent,
1441 2770 1506 2840 fini
1535 2793 1618 2841 meo

185 2875 418 2945 commodius
444 2871 690 2971 respondent,
707 2885 744 2941 et
770 2873 943 2968 propositi
969 2896 1029 2942 me
1053 2883 1258 2968 compotem
1286 2869 1441 2941 reddent
1467 2867 1618 2944 lucilius.

184 2971 396 3044 Suffecisset
416 2971 509 3043 sorte
526 2969 690 3068 specialia
707 2970 827 3066 aliqua
848 2973 1021 3060 materia3
1041 2993 1107 3040 nec
1125 2971 1162 3039 in
1183 2971 1248 3041 hoc
1273 2970 1460 3068 ingenium
1481 2982 1544 3040 aut
1570 2969 1623 3040 la·

187 3075 364 3144 cundiam
385 3069 582 3144 ostentabo.
600 3070 693 3142 Cum
714 3081 835 3140 tamen
859 3072 919 3139 uix
937 3073 1110 3167 supersit,
1129 3094 1220 3166 quae
1247 3095 1317 3140 non
1348 3072 1514 3168 jamtum
1542 3092 1620 3141 suc-

185 3175 310 3243 cincte
327 3172 509 3243 elaborata
519 3225 531 3261 ,
551 3171 617 3240 hac
636 3171 715 3242 vice
735 3167 912 3242 delibutio
928 3168 1015 3242 baec
1034 3171 1166 3241 arrisit.
1190 3171 1267 3240 Duo
1294 3167 1421 3240 saltem
1449 3191 1620 3240 excusau-

188 3271 234 3342 da
260 3297 357 3360 reor,
374 3270 513 3369 quoda
533 3269 723 3344 doctorum
743 3268 781 3340 in
801 3283 919 3367 partes
934 3271 1106 3342 citatione
1133 3292 1191 3340 me
1216 3267 1454 3340 abstinuerim
1479 3271 1619 3366 primo;

187 3369 287 3442 obvii
306 3375 407 3443 enim
427 3369 501 3440 lere
516 3381 601 3442 eunt
612 3422 623 3458 ,
638 3382 674 3439 et
691 3371 777 3440 satis
797 3372 892 3458 noti,
909 3371 984 3441 imo
1002 3369 1224 3464 argumentis
1238 3369 1355 3466 potius
1369 3392 1481 3465 quam
1499 3383 1621 3440 aucto-

190 3471 363 3542 ritatibus
381 3467 619 3568 pugnandum
638 3469 746 3558 duc03
764 3467 897 3539 deinde
922 3469 1104 3541 contraria
1130 3467 1261 3539 saltem
1287 3491 1397 3566 pauca
1424 3465 1623 3555 solverim,

191 3593 278 3640 cum
297 3595 441 3668 operam
462 3574 570 3642 istam
593 3569 770 3638 discursui
790 3591 988 3658 reservare,
1005 3591 1114 3664 quam
1135 3569 1342 3639 tractationi
1361 3565 1446 3638 lsuic
1464 3569 1620 3638 inserere

190 3669 397 3742 maluerim.
420 3667 541 3740 Sicubi
559 3667 760 3738 dissensero
778 3666 825 3738 ab
843 3667 942 3758 aliis,
961 3668 1107 3738 vertiam
1129 3665 1316 3758 merebor,
1342 3691 1427 3738 cum
1457 3669 1621 3738 veritatis

188 3767 418 3866 indagandae
443 3782 478 3840 et
497 3767 660 3842 discendi
679 3789 781 3839 causa
810 3766 896 3840 baec
922 3778 1055 3840 cuncta
1081 3767 1212 3865 scripta
1240 3769 1325 3840 siut.
1344 3765 1618 3842 Tractatiouetn

187 3871 307 3966 iopam
327 3870 418 3942 duae
434 3870 617 3940 centurias
637 3889 700 3963 pro
718 3864 910 3940 titulorum
928 3889 1081 3940 numero
1099 3863 1298 3940 absolvent.
1319 3868 1419 3961 Quae
1436 3880 1475 3942 ut
1493 3891 1616 3966 proce·

189 3969 285 4040 dant
302 3968 477 4058 feliciter,
497 3969 592 4040 Deus
612 3963 723 4044 volet!
812 3979 816 3988 '

392 4137 459 4204 EX
482 4137 624 4207 niuno
648 4136 675 4204 l.
699 4138 1069 4212 tnsrlrn‘rtonntt
1092 4135 1420 4208 lnennntntnn.

187 4302 214 4372 5.
237 4319 260 4356 ι,
280 4242 439 4370 Quemvis
459 4299 585 4354 omuibus
604 4301 696 4371 legum
715 4300 808 4367 nodis,
827 4319 897 4371 quse
916 4319 966 4372 pro
984 4305 1138 4356 antinomiis
1158 4297 1344 4354 adortoribus
1355 4309 1563 4372 proponuntur,
1575 4301 1626 4354 dis·
1670 4294 1798 4350 1'100effi·

184 4388 344 4452 soluendis,
371 4404 463 4457 parens
490 4403 533 4438 rue
557 4401 612 4436 noo
632 4387 778 4456 profitear,
798 4389 1024 4458 eximperatoris
1044 4401 1132 4444 tumen
1153 4406 1255 4458 scopo,
1275 4393 1301 4436 et
1319 4381 1454 4436 librorum
1474 4384 1542 4450 juris
1567 4403 1628 4454 pro-

187 4468 350 4540 mntgnione
370 4472 433 4522 satie
461 4480 552 4540 pinet,
576 4471 665 4522 nullas
683 4471 759 4534 duria
781 4488 863 4524 serae
881 4475 952 4526 euim
972 4475 1169 4529 contrarietatis
1189 4477 1234 4527 rel
1254 4471 1479 4529 contradictionis
1497 4479 1579 4524 notae
1598 4471 1626 4524 in

187 4569 231 4604 eas
246 4568 300 4602 noo
315 4551 428 4618 cadunt,
442 4571 512 4622 quus
526 4545 736 4612 so'tiooruisrom
748 4561 860 4614 nomine
872 4561 1017 4630 indigitare
1030 4562 1128 4614 solem.

219 4637 243 4708 ξ.
257 4654 283 4688 2.
297 4636 337 4687 Ex
353 4653 418 4690 sero
434 4654 524 4705 neque
537 4642 625 4694 sodex
640 4645 833 4712 justinianeus,
848 4661 938 4712 neque
951 4645 1245 4712 institutiones,·ueque
1256 4643 1451 4713 quinquaginta
1464 4642 1628 4706 decisiones,

189 4739 253 4790 quas
268 4727 415 4791 imperator
427 4723 516 4777 codici
529 4725 602 4782 dicto
616 4731 699 4782 inseri
714 4731 790 4800 jussit
802 4770 811 4792 ,
824 4728 967 4783 Pandectis
980 4729 1119 4798 derogant.
1132 4731 1275 4801 Derognre
1287 4735 1382 4804 quippe
1393 4751 1430 4788 esc
1441 4734 1461 4784 l.
1480 4729 1582 4800 touff.
1595 4730 1629 4784 de

186 4828 211 4859 v.
224 4829 245 4862 s·
262 4819 323 4872 est,
337 4827 391 4879 quo
399 4825 463 4876 pars
477 4809 544 4880 legis
554 4829 604 4880 pes·
617 4831 715 4869 nososo
727 4809 899 4876 detrolsitur,
911 4814 953 4868 sel
966 4815 1077 4885 quando
1089 4814 1163 4868 inter
1175 4815 1246 4870 duos
1261 4817 1392 4872 alterutri
1410 4815 1502 4886 major
1513 4819 1630 4870 unctori-

174 4905 227 4954 ¹nss
241 4889 413 4947 conceditur.
425 4893 487 4946 Jam
501 4895 630 4948 omuibus
643 4897 738 4962 libris,
751 4915 804 4967 que
823 4897 938 4962 talibus,
957 4897 1099 4966 aequalem
1118 4900 1304 4954 auctoritatem
1323 4899 1435 4966 tribuit,
1454 4911 1479 4954 et
1498 4916 1531 4952 ex
1550 4909 1626 4952 certo

189 4975 229 5026 die
250 4977 344 5028 ralere
358 4977 505 5032 mandarit.
525 4977 585 5032 Nou
599 4997 668 5050 nego
682 4982 809 5048 quidem,
821 4982 895 5050 leges
906 4983 1010 5050 aliquus
1026 4984 1053 5032 in
1067 4982 1179 5049 codice,
1192 4993 1219 5036 st
1231 5000 1300 5051 quse
1313 4994 1375 5036 sunt
1390 5001 1423 5036 eu
1441 4985 1485 5036 50.
1503 4984 1562 5036 istis
1580 4985 1625 5036 de-

155 5083 159 5090 ·
189 5060 338 5113 eisiouibus
350 5061 484 5132 derogare
496 5065 556 5116 aliis
570 5082 604 5116 ex
618 5065 741 5134 digestis,
757 5067 804 5118 sed
817 5069 885 5120 illud
900 5082 955 5118 oou
967 5068 1044 5132 ideo,
1056 5069 1120 5136 quis
1136 5085 1168 5121 ex
1183 5069 1280 5122 codice
1297 5079 1343 5123 sot
1362 5087 1397 5122 ex
1418 5073 1474 5123 istis
1492 5073 1625 5138 quinqua·

188 5147 273 5210 ginta,
287 5161 354 5212 qrres
369 5148 451 5215 vulgo
465 5158 570 5212 rorant,
583 5149 784 5212 decisionibus,
799 5151 846 5204 sed
859 5154 924 5220 quis
938 5153 964 5202 irs
979 5169 1008 5204 se
1020 5153 1169 5220 derogandi
1183 5153 1336 5209 facultatem
1352 5155 1451 5208 babent
1477 5156 1507 5206 ld
1521 5157 1626 5224 quippe

191 5235 335 5299 imperator
349 5233 498 5286 inculcarit
510 5235 537 5284 in
550 5233 576 5306 5.
593 5237 618 5286 ⁵.
632 5239 744 5291 constit.
759 5239 790 5291 de
807 5238 999 5292 emendatione
1010 5239 1130 5302 codicis,
1144 5237 1251 5294 serbiss
1261 5243 1375 5312 repetitu
1387 5243 1481 5312 s'tnpue
1496 5243 1624 5314 jussione

190 5319 291 5372 asinini
305 5319 471 5386 inposterum
483 5320 664 5382 concedimus,
678 5325 725 5377 nel
735 5343 772 5376 ess
784 5319 971 5378 decisionibus
985 5325 1100 5388 nornis,
1112 5326 1155 5384 ael
1167 5344 1202 5380 eu
1214 5327 1281 5380 eliis
1293 5329 1553 5394 constitutionibus,
1568 5327 1622 5380 ata·-

190 5407 250 5470 quid
261 5409 387 5462 recitare.
398 5406 439 5460 Ut
449 5408 488 5457 sie
502 5419 582 5456 uenio
595 5407 688 5458 citaret
702 5415 804 5458 testum
815 5441 822 5466 ,
834 5424 886 5474 qua
902 5423 935 5458 eu
949 5406 1136 5458 decisionibus
1148 5408 1206 5459 istis
1220 5419 1269 5460 est.

220 5487 282 5558 §3-
296 5490 533 5558 lurisprudeotiae
545 5489 607 5542 finis
618 5491 681 5542 ideo
696 5492 801 5560 justitia
818 5495 979 5545 uriirersalis
999 5501 1054 5554 est,
1073 5493 1203 5562 quorsism
1224 5494 1371 5563 imperator
1390 5511 1441 5564 per
1459 5511 1517 5546 eam
1536 5503 1620 5548 artem
1716 5519 1765 5565 τῃ,
1785 5523 1807 5568 4,

191 5572 320 5641 aliquem,
334 5573 471 5642 quomodo
485 5574 558 5642 leges
574 5578 624 5628 rite
638 5575 853 5642 interpretandae
868 5587 891 5628 et
903 5577 1051 5630 secundum
1067 5593 1182 5644 aequum
1196 5595 1226 5628 ec
1240 5578 1342 5630 bonum
1351 5619 1360 5643 ,
1372 5579 1390 5630 i.
1406 5597 1429 5630 e.
1447 5583 1546 5650 justum
1559 5597 1621 5634 anns
1662 5581 1796 5640 Dsjusstste
1806 5585 1877 5645 seju-

190 5657 297 5712 bnoesto
311 5669 504 5728 temperatum,
517 5658 550 5712 ed
563 5659 662 5712 lactum
678 5661 861 5729 applicandae
874 5665 923 5718 siut
935 5701 942 5728 ,
956 5661 1076 5715 trarlidit·
1692 5659 1726 5690 Ν·

219 5739 271 5811 §.4
295 5742 351 5810 Qui
365 5747 407 5812 jus
421 5745 562 5815 publicum
577 5748 603 5799 in
618 5747 763 5800 academiis
777 5747 943 5801 tractandum
960 5764 1018 5800 esse
1032 5763 1083 5818 neg
1093 5755 1143 5814 nt,
1161 5743 1201 5798 illi
1216 5761 1270 5810 riou
1281 5745 1417 5828 integrum·
1431 5749 1619 5821 jurisprudsu·
