<?xml version="1.0" encoding="UTF-8"?>
<!DOCTYPE html PUBLIC "-//W3C//DTD XHTML 1.0 Transitional//EN"
    "http://www.w3.org/TR/xhtml1/DTD/xhtml1-transitional.dtd">
<html xmlns="http://www.w3.org/1999/xhtml" xml:lang="en" lang="en">
 <head>
  <title>
</title>
<meta http-equiv="Content-Type" content="text/html;charset=utf-8" />
  <meta name='ocr-system' content='tesseract 3.04.00' />
  <meta name='ocr-capabilities' content='ocr_page ocr_carea ocr_par ocr_line ocrx_word'/>
</head>
<body>
  <div class='ocr_page' id='page_1' title='image "./samuelisstrykii05schogoog_0177.png"; bbox 0 0 4252 6164; ppageno 0'>
   <div class='ocr_carea' id='block_1_1' title="bbox 330 287 1625 687">
    <p class='ocr_par' dir='ltr' id='par_1_1' title="bbox 330 287 1625 687">
     <span class='ocr_line' id='line_1_1' title="bbox 583 287 1399 454; baseline 0.005 -18"><span class='ocrx_word' id='word_1_1' title='bbox 583 287 918 454; x_wconf 76' lang='lat' dir='ltr'><strong>nrorurnrro</strong></span> <span class='ocrx_word' id='word_1_2' title='bbox 946 359 1158 440; x_wconf 80' lang='lat' dir='ltr'><strong>uncina</strong></span> <span class='ocrx_word' id='word_1_3' title='bbox 1183 361 1399 440; x_wconf 78' lang='lat' dir='ltr'><strong>vanarn</strong></span> 
     </span>
     <span class='ocr_line' id='line_1_2' title="bbox 330 564 1625 687; baseline 0.005 -9"><span class='ocrx_word' id='word_1_4' title='bbox 330 564 450 678; x_wconf 72' lang='grc' dir='ltr'><strong>Μ</strong></span> <span class='ocrx_word' id='word_1_5' title='bbox 519 567 895 683; x_wconf 76' lang='lat' dir='ltr'><strong>annuns</strong></span> <span class='ocrx_word' id='word_1_6' title='bbox 963 567 1625 687; x_wconf 71' lang='lat' dir='ltr'><strong>nntttnsttttt</strong></span> 
     </span>
    </p>
   </div>
   <div class='ocr_carea' id='block_1_2' title="bbox 418 762 1565 854">
    <p class='ocr_par' dir='ltr' id='par_1_2' title="bbox 418 762 1565 854">
     <span class='ocr_line' id='line_1_3' title="bbox 418 762 1565 854; baseline 0.003 -20"><span class='ocrx_word' id='word_1_7' title='bbox 418 762 533 834; x_wconf 83' lang='lat' dir='ltr'><strong>VEL</strong></span> <span class='ocrx_word' id='word_1_8' title='bbox 555 765 596 834; x_wconf 90' lang='lat' dir='ltr'><em>Z</em></span> <span class='ocrx_word' id='word_1_9' title='bbox 605 765 977 838; x_wconf 79' lang='lat' dir='ltr'><em>UTPHANIENSI</em></span> <span class='ocrx_word' id='word_1_10' title='bbox 985 769 1061 838; x_wconf 81' lang='grc' dir='ltr'><strong>ΠΜ</strong></span> <span class='ocrx_word' id='word_1_11' title='bbox 1080 767 1227 838; x_wconf 79' lang='lat' dir='ltr'><em>MORE</em></span> <span class='ocrx_word' id='word_1_12' title='bbox 1248 764 1565 854; x_wconf 81' lang='lat' dir='ltr'><strong>CONCESSIS,</strong></span> 
     </span>
    </p>
   </div>
   <div class='ocr_carea' id='block_1_3' title="bbox 671 961 1306 1012">
    <p class='ocr_par' dir='ltr' id='par_1_3' title="bbox 671 961 1306 1012">
     <span class='ocr_line' id='line_1_4' title="bbox 671 961 1306 1012; baseline 0.008 -8"><span class='ocrx_word' id='word_1_13' title='bbox 671 961 713 1004; x_wconf 74' lang='lat' dir='ltr'><strong>tn</strong></span> <span class='ocrx_word' id='word_1_14' title='bbox 728 963 804 1006; x_wconf 71' lang='lat' dir='ltr'><strong>DIE!</strong></span> <span class='ocrx_word' id='word_1_15' title='bbox 823 965 854 1010; x_wconf 76' lang='lat' dir='ltr'><strong>V·</strong></span> <span class='ocrx_word' id='word_1_16' title='bbox 871 963 1003 1012; x_wconf 71' lang='lat' dir='ltr'>AUGUSTI</span> <span class='ocrx_word' id='word_1_17' title='bbox 1018 967 1103 1012; x_wconf 74' lang='grc' dir='ltr'><strong>ΛΜΟ</strong></span> <span class='ocrx_word' id='word_1_18' title='bbox 1118 969 1306 1012; x_wconf 69' lang='lat' dir='ltr'><strong>nncnxxxu.</strong></span> 
     </span>
    </p>
   </div>
   <div class='ocr_carea' id='block_1_4' title="bbox 880 1126 1098 1173">
    <p class='ocr_par' dir='ltr' id='par_1_4' title="bbox 880 1126 1098 1173">
     <span class='ocr_line' id='line_1_5' title="bbox 880 1126 1098 1173; baseline 0.005 -1"><span class='ocrx_word' id='word_1_19' title='bbox 880 1126 992 1172; x_wconf 66' lang='grc'><strong>8181011</strong></span> <span class='ocrx_word' id='word_1_20' title='bbox 994 1132 1055 1172; x_wconf 73' lang='lat' dir='ltr'><strong>MN</strong></span> <span class='ocrx_word' id='word_1_21' title='bbox 1059 1133 1098 1173; x_wconf 71' lang='grc' dir='ltr'><em>Π</em></span> 
     </span>
    </p>
   </div>
   <div class='ocr_carea' id='block_1_5' title="bbox 379 1289 1584 1403">
    <p class='ocr_par' dir='ltr' id='par_1_5' title="bbox 379 1289 1584 1403">
     <span class='ocr_line' id='line_1_6' title="bbox 379 1289 1584 1403; baseline 0.003 -27"><span class='ocrx_word' id='word_1_22' title='bbox 379 1289 617 1378; x_wconf 79' lang='lat' dir='ltr'><strong>tonsuras</strong></span> <span class='ocrx_word' id='word_1_23' title='bbox 642 1309 934 1386; x_wconf 78' lang='lat' dir='ltr'><strong>canrrsnnus</strong></span> <span class='ocrx_word' id='word_1_24' title='bbox 958 1311 1024 1378; x_wconf 82' lang='lat' dir='ltr'><strong>ns</strong></span> <span class='ocrx_word' id='word_1_25' title='bbox 1046 1309 1278 1400; x_wconf 81' lang='lat' dir='ltr'><strong>uonnran,</strong></span> <span class='ocrx_word' id='word_1_26' title='bbox 1302 1309 1409 1403; x_wconf 83' lang='lat' dir='ltr'><strong>xQu.</strong></span> <span class='ocrx_word' id='word_1_27' title='bbox 1433 1313 1584 1384; x_wconf 80' lang='lat' dir='ltr'><strong>nnius</strong></span> 
     </span>
    </p>
   </div>
   <div class='ocr_carea' id='block_1_6' title="bbox 738 1590 1237 1628">
    <p class='ocr_par' dir='ltr' id='par_1_6' title="bbox 738 1590 1237 1628">
     <span class='ocr_line' id='line_1_7' title="bbox 738 1590 1237 1628; baseline -0.006 -1"><span class='ocrx_word' id='word_1_28' title='bbox 738 1590 1237 1628; x_wconf 46' lang='lat' dir='ltr'><strong>qm·—</strong></span> 
     </span>
    </p>
   </div>
   <div class='ocr_carea' id='block_1_7' title="bbox 788 1827 1193 1902">
    <p class='ocr_par' dir='ltr' id='par_1_7' title="bbox 788 1827 1193 1902">
     <span class='ocr_line' id='line_1_8' title="bbox 788 1827 1193 1902; baseline 0 -2"><span class='ocrx_word' id='word_1_29' title='bbox 788 1827 1193 1902; x_wconf 77' lang='lat' dir='ltr'><strong>PRAEFATIO.</strong></span> 
     </span>
    </p>
   </div>
   <div class='ocr_carea' id='block_1_8' title="bbox 142 2101 1823 2600">
    <p class='ocr_par' dir='ltr' id='par_1_8' title="bbox 142 2101 1823 2315">
     <span class='ocr_line' id='line_1_9' title="bbox 158 2101 1822 2234; baseline -0.001 -26"><span class='ocrx_word' id='word_1_30' title='bbox 158 2101 291 2208; x_wconf 75' lang='lat' dir='ltr'><strong>Pauci</strong></span> <span class='ocrx_word' id='word_1_31' title='bbox 309 2121 538 2222; x_wconf 84' lang='lat' dir='ltr'><strong>prudentia,</strong></span> <span class='ocrx_word' id='word_1_32' title='bbox 564 2123 722 2198; x_wconf 77' lang='lat' dir='ltr'><strong>honesta</strong></span> <span class='ocrx_word' id='word_1_33' title='bbox 749 2151 771 2196; x_wconf 88' lang='lat' dir='ltr'><strong>a</strong></span> <span class='ocrx_word' id='word_1_34' title='bbox 797 2119 1073 2215; x_wconf 85' lang='lat' dir='ltr'><strong>deterioribus,</strong></span> <span class='ocrx_word' id='word_1_35' title='bbox 1100 2125 1217 2195; x_wconf 81' lang='lat' dir='ltr'><strong>utilia</strong></span> <span class='ocrx_word' id='word_1_36' title='bbox 1242 2150 1265 2196; x_wconf 89' lang='lat' dir='ltr'><strong>a</strong></span> <span class='ocrx_word' id='word_1_37' title='bbox 1292 2127 1422 2198; x_wconf 74' lang='lat' dir='ltr'><strong>noxiis</strong></span> <span class='ocrx_word' id='word_1_38' title='bbox 1440 2128 1674 2222; x_wconf 84' lang='lat' dir='ltr'><strong>discernunt,</strong></span> <span class='ocrx_word' id='word_1_39' title='bbox 1686 2137 1822 2234; x_wconf 86' lang='lat' dir='ltr'><strong>plures</strong></span> 
     </span>
     <span class='ocr_line' id='line_1_10' title="bbox 142 2222 1823 2315; baseline 0.005 -17"><span class='ocrx_word' id='word_1_40' title='bbox 142 2230 313 2298; x_wconf 86' lang='lat' dir='ltr'><strong>aliorum</strong></span> <span class='ocrx_word' id='word_1_41' title='bbox 340 2229 484 2298; x_wconf 83' lang='lat' dir='ltr'><strong>eventis</strong></span> <span class='ocrx_word' id='word_1_42' title='bbox 510 2227 719 2315; x_wconf 83' lang='lat' dir='ltr'><strong>docentur,</strong></span> <span class='ocrx_word' id='word_1_43' title='bbox 747 2225 935 2296; x_wconf 88' lang='lat' dir='ltr'><strong>verissime</strong></span> <span class='ocrx_word' id='word_1_44' title='bbox 960 2223 1048 2296; x_wconf 90' lang='lat' dir='ltr'><strong>olim</strong></span> <span class='ocrx_word' id='word_1_45' title='bbox 1094 2222 1253 2296; x_wconf 81' lang='lat' dir='ltr'><em>Tacitus</em></span> <span class='ocrx_word' id='word_1_46' title='bbox 1294 2223 1484 2303; x_wconf 82' lang='lat' dir='ltr'><strong>effabatur.</strong></span> <span class='ocrx_word' id='word_1_47' title='bbox 1528 2229 1598 2304; x_wconf 87' lang='lat' dir='ltr'><strong>Res</strong></span> <span class='ocrx_word' id='word_1_48' title='bbox 1640 2231 1823 2306; x_wconf 86' lang='lat' dir='ltr'><strong>humanae</strong></span> 
     </span>
    </p>

    <p class='ocr_par' dir='ltr' id='par_1_9' title="bbox 142 2321 1820 2430">
     <span class='ocr_line' id='line_1_11' title="bbox 142 2321 1820 2430; baseline -0.004 -31"><span class='ocrx_word' id='word_1_49' title='bbox 142 2327 287 2427; x_wconf 89' lang='lat' dir='ltr'><strong>qnippe</strong></span> <span class='ocrx_word' id='word_1_50' title='bbox 314 2326 471 2397; x_wconf 81' lang='lat' dir='ltr'><strong>honestis</strong></span> <span class='ocrx_word' id='word_1_51' title='bbox 497 2351 537 2398; x_wconf 91' lang='lat' dir='ltr'><strong>ac</strong></span> <span class='ocrx_word' id='word_1_52' title='bbox 565 2324 746 2426; x_wconf 79' lang='lat' dir='ltr'>turpibus,</span> <span class='ocrx_word' id='word_1_53' title='bbox 773 2329 889 2398; x_wconf 91' lang='lat' dir='ltr'><strong>noxiis</strong></span> <span class='ocrx_word' id='word_1_54' title='bbox 915 2335 951 2394; x_wconf 90' lang='lat' dir='ltr'><strong>et</strong></span> <span class='ocrx_word' id='word_1_55' title='bbox 979 2321 1131 2396; x_wconf 86' lang='lat' dir='ltr'><strong>utilibus</strong></span> <span class='ocrx_word' id='word_1_56' title='bbox 1158 2324 1413 2418; x_wconf 88' lang='lat' dir='ltr'><strong>absolvuntur,</strong></span> <span class='ocrx_word' id='word_1_57' title='bbox 1442 2355 1533 2430; x_wconf 73' lang='lat' dir='ltr'><strong>quae</strong></span> <span class='ocrx_word' id='word_1_58' title='bbox 1558 2329 1628 2404; x_wconf 84' lang='lat' dir='ltr'><strong>sub</strong></span> <span class='ocrx_word' id='word_1_59' title='bbox 1653 2357 1723 2408; x_wconf 69' lang='lat' dir='ltr'><strong>una</strong></span> <span class='ocrx_word' id='word_1_60' title='bbox 1746 2361 1820 2407; x_wconf 59' lang='lat' dir='ltr'><strong>sae.</strong></span> 
     </span>
    </p>

    <p class='ocr_par' dir='ltr' id='par_1_10' title="bbox 142 2424 1821 2600">
     <span class='ocr_line' id='line_1_12' title="bbox 142 2424 1821 2600; baseline 0.004 -100"><span class='ocrx_word' id='word_1_61' title='bbox 142 2453 191 2600; x_wconf 61' lang='lat' dir='ltr'><strong>pe</strong></span> <span class='ocrx_word' id='word_1_62' title='bbox 220 2427 338 2499; x_wconf 88' lang='lat' dir='ltr'><strong>latent</strong></span> <span class='ocrx_word' id='word_1_63' title='bbox 362 2427 497 2524; x_wconf 86' lang='lat' dir='ltr'><strong>specie,</strong></span> <span class='ocrx_word' id='word_1_64' title='bbox 523 2452 589 2500; x_wconf 91' lang='lat' dir='ltr'><strong>nec</strong></span> <span class='ocrx_word' id='word_1_65' title='bbox 615 2430 684 2503; x_wconf 87' lang='lat' dir='ltr'><strong>nisi</strong></span> <span class='ocrx_word' id='word_1_66' title='bbox 710 2453 731 2498; x_wconf 90' lang='lat' dir='ltr'><strong>a</strong></span> <span class='ocrx_word' id='word_1_67' title='bbox 759 2425 976 2524; x_wconf 80' lang='lat' dir='ltr'><strong>prudentiae</strong></span> <span class='ocrx_word' id='word_1_68' title='bbox 1008 2427 1126 2498; x_wconf 88' lang='lat' dir='ltr'><strong>studio</strong></span> <span class='ocrx_word' id='word_1_69' title='bbox 1162 2424 1319 2500; x_wconf 89' lang='lat' dir='ltr'><strong>subactis</strong></span> <span class='ocrx_word' id='word_1_70' title='bbox 1361 2429 1515 2526; x_wconf 89' lang='lat' dir='ltr'><strong>ingeniis</strong></span> <span class='ocrx_word' id='word_1_71' title='bbox 1552 2430 1821 2507; x_wconf 89' lang='lat' dir='ltr'><strong>discernuntur.</strong></span> 
     </span>
     <span class='ocr_line' id='line_1_13' title="bbox 175 2555 196 2598; baseline 0 0"><span class='ocrx_word' id='word_1_72' title='bbox 175 2555 196 2598; x_wconf 91' lang='lat' dir='ltr'><strong>e</strong></span> 
     </span>
    </p>
   </div>
   <div class='ocr_carea' id='block_1_9' title="bbox 140 2525 1824 5740">
    <p class='ocr_par' dir='ltr' id='par_1_11' title="bbox 140 2525 1824 5740">
     <span class='ocr_line' id='line_1_14' title="bbox 200 2525 1824 2626; baseline 0.004 -26"><span class='ocrx_word' id='word_1_73' title='bbox 200 2529 348 2626; x_wconf 83' lang='lat' dir='ltr'><strong>nignius</strong></span> <span class='ocrx_word' id='word_1_74' title='bbox 373 2527 467 2599; x_wconf 87' lang='lat' dir='ltr'><strong>forte</strong></span> <span class='ocrx_word' id='word_1_75' title='bbox 492 2552 575 2599; x_wconf 88' lang='lat' dir='ltr'><strong>cum</strong></span> <span class='ocrx_word' id='word_1_76' title='bbox 601 2553 731 2625; x_wconf 83' lang='lat' dir='ltr'><strong>genere</strong></span> <span class='ocrx_word' id='word_1_77' title='bbox 758 2529 917 2599; x_wconf 87' lang='lat' dir='ltr'><strong>lrumano</strong></span> <span class='ocrx_word' id='word_1_78' title='bbox 942 2537 1125 2622; x_wconf 83' lang='lat' dir='ltr'><strong>ageretur,</strong></span> <span class='ocrx_word' id='word_1_79' title='bbox 1151 2529 1181 2598; x_wconf 91' lang='lat' dir='ltr'><strong>si</strong></span> <span class='ocrx_word' id='word_1_80' title='bbox 1212 2525 1360 2600; x_wconf 89' lang='lat' dir='ltr'><strong>honesta</strong></span> <span class='ocrx_word' id='word_1_81' title='bbox 1402 2529 1475 2604; x_wconf 90' lang='lat' dir='ltr'><strong>sola</strong></span> <span class='ocrx_word' id='word_1_82' title='bbox 1509 2533 1649 2606; x_wconf 85' lang='lat' dir='ltr'><strong>civitati</strong></span> <span class='ocrx_word' id='word_1_83' title='bbox 1681 2535 1824 2606; x_wconf 84' lang='lat' dir='ltr'><strong>suffice·</strong></span> 
     </span>
     <span class='ocr_line' id='line_1_15' title="bbox 143 2624 1820 2733; baseline 0.003 -33"><span class='ocrx_word' id='word_1_84' title='bbox 143 2641 248 2714; x_wconf 90' lang='lat' dir='ltr'><strong>rent,</strong></span> <span class='ocrx_word' id='word_1_85' title='bbox 276 2641 313 2699; x_wconf 88' lang='lat' dir='ltr'><strong>et</strong></span> <span class='ocrx_word' id='word_1_86' title='bbox 338 2626 504 2698; x_wconf 91' lang='lat' dir='ltr'><strong>homines</strong></span> <span class='ocrx_word' id='word_1_87' title='bbox 527 2653 651 2699; x_wconf 90' lang='lat' dir='ltr'><strong>omnes</strong></span> <span class='ocrx_word' id='word_1_88' title='bbox 676 2627 839 2730; x_wconf 81' lang='lat' dir='ltr'><strong>ejusdem</strong></span> <span class='ocrx_word' id='word_1_89' title='bbox 865 2639 983 2697; x_wconf 86' lang='lat' dir='ltr'><strong>esseut</strong></span> <span class='ocrx_word' id='word_1_90' title='bbox 1009 2624 1159 2715; x_wconf 83' lang='lat' dir='ltr'><strong>indolis,</strong></span> <span class='ocrx_word' id='word_1_91' title='bbox 1185 2649 1227 2698; x_wconf 87' lang='lat' dir='ltr'><strong>ac</strong></span> <span class='ocrx_word' id='word_1_92' title='bbox 1253 2627 1355 2700; x_wconf 85' lang='lat' dir='ltr'><strong>solidi</strong></span> <span class='ocrx_word' id='word_1_93' title='bbox 1384 2627 1468 2704; x_wconf 90' lang='lat' dir='ltr'><strong>boni</strong></span> <span class='ocrx_word' id='word_1_94' title='bbox 1494 2636 1634 2706; x_wconf 88' lang='lat' dir='ltr'><strong>sincere</strong></span> <span class='ocrx_word' id='word_1_95' title='bbox 1652 2659 1820 2733; x_wconf 82' lang='lat' dir='ltr'><strong>capaces3</strong></span> 
     </span>
     <span class='ocr_line' id='line_1_16' title="bbox 140 2723 1821 2834; baseline 0.005 -35"><span class='ocrx_word' id='word_1_96' title='bbox 140 2753 228 2800; x_wconf 89' lang='lat' dir='ltr'><strong>cum</strong></span> <span class='ocrx_word' id='word_1_97' title='bbox 258 2739 385 2799; x_wconf 84' lang='lat' dir='ltr'><strong>autern</strong></span> <span class='ocrx_word' id='word_1_98' title='bbox 411 2729 502 2799; x_wconf 89' lang='lat' dir='ltr'><strong>aeris</strong></span> <span class='ocrx_word' id='word_1_99' title='bbox 528 2731 734 2828; x_wconf 79' lang='lat' dir='ltr'><strong>temperies,</strong></span> <span class='ocrx_word' id='word_1_100' title='bbox 762 2726 1046 2826; x_wconf 82' lang='lat' dir='ltr'><strong>complexiones,</strong></span> <span class='ocrx_word' id='word_1_101' title='bbox 1074 2739 1110 2797; x_wconf 86' lang='lat' dir='ltr'><strong>et</strong></span> <span class='ocrx_word' id='word_1_102' title='bbox 1136 2723 1283 2798; x_wconf 86' lang='lat' dir='ltr'><strong>affectus</strong></span> <span class='ocrx_word' id='word_1_103' title='bbox 1309 2731 1424 2827; x_wconf 87' lang='lat' dir='ltr'><strong>parit,</strong></span> <span class='ocrx_word' id='word_1_104' title='bbox 1450 2755 1492 2806; x_wconf 87' lang='lat' dir='ltr'><strong>ac</strong></span> <span class='ocrx_word' id='word_1_105' title='bbox 1517 2732 1712 2807; x_wconf 74' lang='lat' dir='ltr'><strong>dissentire</strong></span> <span class='ocrx_word' id='word_1_106' title='bbox 1737 2748 1821 2834; x_wconf 85' lang='lat' dir='ltr'><strong>post</strong></span> 
     </span>
     <span class='ocr_line' id='line_1_17' title="bbox 141 2825 1818 2928; baseline 0.004 -28"><span class='ocrx_word' id='word_1_107' title='bbox 141 2827 292 2928; x_wconf 87' lang='lat' dir='ltr'><strong>lapsum</strong></span> <span class='ocrx_word' id='word_1_108' title='bbox 321 2825 532 2900; x_wconf 89' lang='lat' dir='ltr'><strong>bominibus</strong></span> <span class='ocrx_word' id='word_1_109' title='bbox 558 2854 650 2928; x_wconf 88' lang='lat' dir='ltr'><strong>pene</strong></span> <span class='ocrx_word' id='word_1_110' title='bbox 678 2827 843 2902; x_wconf 87' lang='lat' dir='ltr'><strong>naturale</strong></span> <span class='ocrx_word' id='word_1_111' title='bbox 868 2826 1035 2898; x_wconf 83' lang='lat' dir='ltr'><strong>effectum</strong></span> <span class='ocrx_word' id='word_1_112' title='bbox 1063 2838 1136 2914; x_wconf 90' lang='lat' dir='ltr'><strong>est,</strong></span> <span class='ocrx_word' id='word_1_113' title='bbox 1162 2826 1354 2902; x_wconf 86' lang='lat' dir='ltr'><strong>honestum</strong></span> <span class='ocrx_word' id='word_1_114' title='bbox 1381 2834 1459 2902; x_wconf 89' lang='lat' dir='ltr'><strong>sine</strong></span> <span class='ocrx_word' id='word_1_115' title='bbox 1484 2833 1569 2905; x_wconf 89' lang='lat' dir='ltr'><strong>utili</strong></span> <span class='ocrx_word' id='word_1_116' title='bbox 1596 2846 1633 2904; x_wconf 87' lang='lat' dir='ltr'><strong>et</strong></span> <span class='ocrx_word' id='word_1_117' title='bbox 1657 2858 1818 2907; x_wconf 90' lang='lat' dir='ltr'><strong>commo·</strong></span> 
     </span>
     <span class='ocr_line' id='line_1_18' title="bbox 142 2924 1821 3028; baseline 0.003 -26"><span class='ocrx_word' id='word_1_118' title='bbox 142 2929 213 3020; x_wconf 90' lang='lat' dir='ltr'><strong>da;</strong></span> <span class='ocrx_word' id='word_1_119' title='bbox 239 2925 485 3002; x_wconf 83' lang='lat' dir='ltr'><strong>sivebonunr</strong></span> <span class='ocrx_word' id='word_1_120' title='bbox 511 2931 588 3002; x_wconf 89' lang='lat' dir='ltr'><strong>siue</strong></span> <span class='ocrx_word' id='word_1_121' title='bbox 613 2955 745 3028; x_wconf 88' lang='lat' dir='ltr'><strong>aequa,</strong></span> <span class='ocrx_word' id='word_1_122' title='bbox 773 2931 935 3001; x_wconf 81' lang='lat' dir='ltr'><strong>societati</strong></span> <span class='ocrx_word' id='word_1_123' title='bbox 960 2924 1060 2999; x_wconf 86' lang='lat' dir='ltr'><strong>civili</strong></span> <span class='ocrx_word' id='word_1_124' title='bbox 1090 2925 1184 2999; x_wconf 91' lang='lat' dir='ltr'><strong>nulli</strong></span> <span class='ocrx_word' id='word_1_125' title='bbox 1230 2929 1316 2998; x_wconf 87' lang='lat' dir='ltr'><strong>satis</strong></span> <span class='ocrx_word' id='word_1_126' title='bbox 1359 2932 1540 3006; x_wconf 85' lang='lat' dir='ltr'><strong>conducit.</strong></span> <span class='ocrx_word' id='word_1_127' title='bbox 1586 2931 1691 3008; x_wconf 76' lang='lat' dir='ltr'><strong>Fnrri</strong></span> <span class='ocrx_word' id='word_1_128' title='bbox 1734 2933 1821 3009; x_wconf 89' lang='lat' dir='ltr'><strong>hinc</strong></span> 
     </span>
     <span class='ocr_line' id='line_1_19' title="bbox 142 3026 1818 3126; baseline 0.003 -24"><span class='ocrx_word' id='word_1_129' title='bbox 142 3029 281 3102; x_wconf 86' lang='lat' dir='ltr'><strong>Gratia</strong></span> <span class='ocrx_word' id='word_1_130' title='bbox 307 3043 416 3118; x_wconf 81' lang='lat' dir='ltr'><strong>teste,</strong></span> <span class='ocrx_word' id='word_1_131' title='bbox 441 3026 489 3100; x_wconf 89' lang='lat' dir='ltr'><strong>ab</strong></span> <span class='ocrx_word' id='word_1_132' title='bbox 514 3027 724 3104; x_wconf 90' lang='lat' dir='ltr'><strong>bominibus</strong></span> <span class='ocrx_word' id='word_1_133' title='bbox 751 3027 846 3126; x_wconf 86' lang='lat' dir='ltr'><strong>leges</strong></span> <span class='ocrx_word' id='word_1_134' title='bbox 870 3026 1024 3115; x_wconf 89' lang='lat' dir='ltr'><strong>debent,</strong></span> <span class='ocrx_word' id='word_1_135' title='bbox 1050 3050 1134 3098; x_wconf 90' lang='lat' dir='ltr'><strong>cum</strong></span> <span class='ocrx_word' id='word_1_136' title='bbox 1163 3028 1342 3100; x_wconf 85' lang='lat' dir='ltr'><strong>hnmanae</strong></span> <span class='ocrx_word' id='word_1_137' title='bbox 1373 3031 1639 3106; x_wconf 78' lang='lat' dir='ltr'><strong>imbecillitatis</strong></span> <span class='ocrx_word' id='word_1_138' title='bbox 1680 3057 1818 3126; x_wconf 86' lang='lat' dir='ltr'><strong>sensu,</strong></span> 
     </span>
     <span class='ocr_line' id='line_1_20' title="bbox 148 3125 1818 3234; baseline 0.004 -32"><span class='ocrx_word' id='word_1_139' title='bbox 148 3142 191 3202; x_wconf 81' lang='lat' dir='ltr'><strong>et</strong></span> <span class='ocrx_word' id='word_1_140' title='bbox 213 3141 257 3200; x_wconf 87' lang='lat' dir='ltr'><strong>ot</strong></span> <span class='ocrx_word' id='word_1_141' title='bbox 279 3131 498 3218; x_wconf 88' lang='lat' dir='ltr'><strong>minimum,</strong></span> <span class='ocrx_word' id='word_1_142' title='bbox 525 3155 595 3228; x_wconf 86' lang='lat' dir='ltr'><strong>qna</strong></span> <span class='ocrx_word' id='word_1_143' title='bbox 622 3131 752 3221; x_wconf 84' lang='lat' dir='ltr'><strong>datur,</strong></span> <span class='ocrx_word' id='word_1_144' title='bbox 776 3131 823 3200; x_wconf 88' lang='lat' dir='ltr'><strong>ab</strong></span> <span class='ocrx_word' id='word_1_145' title='bbox 849 3125 1001 3200; x_wconf 89' lang='lat' dir='ltr'><strong>honesto</strong></span> <span class='ocrx_word' id='word_1_146' title='bbox 1026 3127 1213 3217; x_wconf 89' lang='lat' dir='ltr'><strong>secedant;</strong></span> <span class='ocrx_word' id='word_1_147' title='bbox 1246 3153 1339 3226; x_wconf 88' lang='lat' dir='ltr'><strong>quae</strong></span> <span class='ocrx_word' id='word_1_148' title='bbox 1366 3129 1534 3206; x_wconf 87' lang='lat' dir='ltr'><strong>Graccus</strong></span> <span class='ocrx_word' id='word_1_149' title='bbox 1577 3137 1617 3205; x_wconf 92' lang='lat' dir='ltr'><strong>in</strong></span> <span class='ocrx_word' id='word_1_150' title='bbox 1651 3135 1818 3234; x_wconf 83' lang='lat' dir='ltr'><strong>pauciora</strong></span> 
     </span>
     <span class='ocr_line' id='line_1_21' title="bbox 154 3227 1816 3330; baseline 0.002 -28"><span class='ocrx_word' id='word_1_151' title='bbox 154 3227 327 3318; x_wconf 87' lang='lat' dir='ltr'><strong>contulit,</strong></span> <span class='ocrx_word' id='word_1_152' title='bbox 351 3230 442 3302; x_wconf 89' lang='lat' dir='ltr'><strong>dum</strong></span> <span class='ocrx_word' id='word_1_153' title='bbox 465 3228 652 3302; x_wconf 83' lang='lat' dir='ltr'><strong>humanas</strong></span> <span class='ocrx_word' id='word_1_154' title='bbox 670 3237 769 3326; x_wconf 82' lang='lat' dir='ltr'><strong>leges</strong></span> <span class='ocrx_word' id='word_1_155' title='bbox 796 3233 895 3301; x_wconf 82' lang='lat' dir='ltr'><strong>vitae</strong></span> <span class='ocrx_word' id='word_1_156' title='bbox 919 3249 966 3300; x_wconf 84' lang='lat' dir='ltr'><strong>ac</strong></span> <span class='ocrx_word' id='word_1_157' title='bbox 993 3239 1202 3326; x_wconf 86' lang='lat' dir='ltr'><strong>temporum</strong></span> <span class='ocrx_word' id='word_1_158' title='bbox 1227 3232 1379 3300; x_wconf 83' lang='lat' dir='ltr'><strong>inventu</strong></span> <span class='ocrx_word' id='word_1_159' title='bbox 1421 3254 1499 3304; x_wconf 87' lang='lat' dir='ltr'><strong>esse</strong></span> <span class='ocrx_word' id='word_1_160' title='bbox 1535 3237 1816 3330; x_wconf 81' lang='lat' dir='ltr'><strong>pronunciavit.</strong></span> 
     </span>
     <span class='ocr_line' id='line_1_22' title="bbox 147 3329 1819 3430; baseline 0.002 -28"><span class='ocrx_word' id='word_1_161' title='bbox 147 3329 224 3402; x_wconf 86' lang='lat' dir='ltr'><strong>Has</strong></span> <span class='ocrx_word' id='word_1_162' title='bbox 247 3329 398 3402; x_wconf 87' lang='lat' dir='ltr'><strong>demum</strong></span> <span class='ocrx_word' id='word_1_163' title='bbox 425 3355 490 3430; x_wconf 92' lang='lat' dir='ltr'><strong>pro</strong></span> <span class='ocrx_word' id='word_1_164' title='bbox 516 3331 675 3402; x_wconf 89' lang='lat' dir='ltr'><strong>moribus</strong></span> <span class='ocrx_word' id='word_1_165' title='bbox 702 3329 896 3402; x_wconf 89' lang='lat' dir='ltr'><strong>bominum</strong></span> <span class='ocrx_word' id='word_1_166' title='bbox 921 3339 958 3399; x_wconf 92' lang='lat' dir='ltr'><strong>et</strong></span> <span class='ocrx_word' id='word_1_167' title='bbox 985 3340 1193 3424; x_wconf 89' lang='lat' dir='ltr'><strong>temporum</strong></span> <span class='ocrx_word' id='word_1_168' title='bbox 1220 3329 1430 3401; x_wconf 89' lang='lat' dir='ltr'><strong>conditione</strong></span> <span class='ocrx_word' id='word_1_169' title='bbox 1456 3335 1622 3404; x_wconf 87' lang='lat' dir='ltr'><strong>invenire</strong></span> <span class='ocrx_word' id='word_1_170' title='bbox 1665 3347 1702 3404; x_wconf 90' lang='lat' dir='ltr'><strong>et</strong></span> <span class='ocrx_word' id='word_1_171' title='bbox 1748 3347 1819 3407; x_wconf 87' lang='lat' dir='ltr'><strong>sta·</strong></span> 
     </span>
     <span class='ocr_line' id='line_1_23' title="bbox 145 3426 1820 3534; baseline 0.001 -30"><span class='ocrx_word' id='word_1_172' title='bbox 145 3444 248 3504; x_wconf 87' lang='lat' dir='ltr'><strong>tuere</strong></span> <span class='ocrx_word' id='word_1_173' title='bbox 274 3431 487 3532; x_wconf 87' lang='lat' dir='ltr'><strong>prudentia,</strong></span> <span class='ocrx_word' id='word_1_174' title='bbox 514 3429 572 3502; x_wconf 88' lang='lat' dir='ltr'><strong>vul</strong></span> <span class='ocrx_word' id='word_1_175' title='bbox 597 3453 642 3502; x_wconf 86' lang='lat' dir='ltr'><strong>ex</strong></span> <span class='ocrx_word' id='word_1_176' title='bbox 666 3429 743 3504; x_wconf 89' lang='lat' dir='ltr'><strong>solo</strong></span> <span class='ocrx_word' id='word_1_177' title='bbox 767 3440 901 3502; x_wconf 88' lang='lat' dir='ltr'><strong>eventu</strong></span> <span class='ocrx_word' id='word_1_178' title='bbox 926 3426 1085 3500; x_wconf 88' lang='lat' dir='ltr'><strong>aliorum</strong></span> <span class='ocrx_word' id='word_1_179' title='bbox 1113 3429 1238 3500; x_wconf 85' lang='lat' dir='ltr'><strong>metiri</strong></span> <span class='ocrx_word' id='word_1_180' title='bbox 1263 3432 1415 3502; x_wconf 87' lang='lat' dir='ltr'><strong>interest</strong></span> <span class='ocrx_word' id='word_1_181' title='bbox 1434 3438 1604 3508; x_wconf 81' lang='lat' dir='ltr'><strong>maxime!</strong></span> <span class='ocrx_word' id='word_1_182' title='bbox 1624 3431 1693 3506; x_wconf 93' lang='lat' dir='ltr'><strong>Hic</strong></span> <span class='ocrx_word' id='word_1_183' title='bbox 1713 3437 1820 3534; x_wconf 89' lang='lat' dir='ltr'><strong>quip-</strong></span> 
     </span>
     <span class='ocr_line' id='line_1_24' title="bbox 141 3528 1821 3631; baseline 0.004 -29"><span class='ocrx_word' id='word_1_184' title='bbox 141 3555 188 3631; x_wconf 88' lang='lat' dir='ltr'><strong>pe</strong></span> <span class='ocrx_word' id='word_1_185' title='bbox 212 3528 265 3602; x_wconf 92' lang='lat' dir='ltr'><strong>ub</strong></span> <span class='ocrx_word' id='word_1_186' title='bbox 289 3532 594 3604; x_wconf 85' lang='lat' dir='ltr'><strong>consuetudinum</strong></span> <span class='ocrx_word' id='word_1_187' title='bbox 621 3532 841 3630; x_wconf 77' lang='lat' dir='ltr'><strong>pravitatem</strong></span> <span class='ocrx_word' id='word_1_188' title='bbox 867 3551 908 3602; x_wconf 88' lang='lat' dir='ltr'><strong>sc</strong></span> <span class='ocrx_word' id='word_1_189' title='bbox 932 3532 1156 3624; x_wconf 87' lang='lat' dir='ltr'><strong>negotiorum</strong></span> <span class='ocrx_word' id='word_1_190' title='bbox 1183 3528 1427 3604; x_wconf 85' lang='lat' dir='ltr'><strong>diversimode</strong></span> <span class='ocrx_word' id='word_1_191' title='bbox 1451 3537 1821 3630; x_wconf 83' lang='lat' dir='ltr'><strong>contingentiumra-</strong></span> 
     </span>
     <span class='ocr_line' id='line_1_25' title="bbox 142 3627 1817 3733; baseline 0.003 -30"><span class='ocrx_word' id='word_1_192' title='bbox 142 3635 320 3704; x_wconf 85' lang='lat' dir='ltr'><strong>rietatem</strong></span> <span class='ocrx_word' id='word_1_193' title='bbox 347 3655 422 3704; x_wconf 91' lang='lat' dir='ltr'><strong>non</strong></span> <span class='ocrx_word' id='word_1_194' title='bbox 448 3654 529 3702; x_wconf 89' lang='lat' dir='ltr'><strong>raro</strong></span> <span class='ocrx_word' id='word_1_195' title='bbox 555 3627 713 3722; x_wconf 88' lang='lat' dir='ltr'><strong>fallitur,</strong></span> <span class='ocrx_word' id='word_1_196' title='bbox 737 3642 774 3702; x_wconf 88' lang='lat' dir='ltr'><strong>et</strong></span> <span class='ocrx_word' id='word_1_197' title='bbox 799 3627 950 3729; x_wconf 88' lang='lat' dir='ltr'><strong>pulchro</strong></span> <span class='ocrx_word' id='word_1_198' title='bbox 975 3651 1039 3698; x_wconf 90' lang='lat' dir='ltr'><strong>suo</strong></span> <span class='ocrx_word' id='word_1_199' title='bbox 1064 3628 1200 3701; x_wconf 85' lang='lat' dir='ltr'><strong>excidit</strong></span> <span class='ocrx_word' id='word_1_200' title='bbox 1243 3634 1441 3729; x_wconf 74' lang='lat' dir='ltr'><strong>proposito,</strong></span> <span class='ocrx_word' id='word_1_201' title='bbox 1487 3633 1517 3706; x_wconf 83' lang='lat' dir='ltr'><strong>io</strong></span> <span class='ocrx_word' id='word_1_202' title='bbox 1549 3657 1635 3705; x_wconf 87' lang='lat' dir='ltr'><strong>vero</strong></span> <span class='ocrx_word' id='word_1_203' title='bbox 1660 3659 1753 3733; x_wconf 89' lang='lat' dir='ltr'><strong>quae</strong></span> <span class='ocrx_word' id='word_1_204' title='bbox 1779 3661 1817 3708; x_wconf 89' lang='lat' dir='ltr'><strong>se</strong></span> 
     </span>
     <span class='ocr_line' id='line_1_26' title="bbox 141 3727 1820 3830; baseline 0.001 -26"><span class='ocrx_word' id='word_1_205' title='bbox 141 3729 304 3804; x_wconf 82' lang='lat' dir='ltr'><strong>offerunt</strong></span> <span class='ocrx_word' id='word_1_206' title='bbox 330 3729 496 3830; x_wconf 88' lang='lat' dir='ltr'><strong>exempla</strong></span> <span class='ocrx_word' id='word_1_207' title='bbox 523 3729 569 3802; x_wconf 88' lang='lat' dir='ltr'><strong>ad</strong></span> <span class='ocrx_word' id='word_1_208' title='bbox 595 3730 811 3828; x_wconf 83' lang='lat' dir='ltr'><strong>prudentiae</strong></span> <span class='ocrx_word' id='word_1_209' title='bbox 836 3727 1010 3802; x_wconf 81' lang='lat' dir='ltr'><strong>amussim</strong></span> <span class='ocrx_word' id='word_1_210' title='bbox 1037 3731 1192 3800; x_wconf 86' lang='lat' dir='ltr'><strong>trutinat</strong></span> <span class='ocrx_word' id='word_1_211' title='bbox 1224 3730 1408 3827; x_wconf 88' lang='lat' dir='ltr'><strong>primum,</strong></span> <span class='ocrx_word' id='word_1_212' title='bbox 1441 3757 1526 3806; x_wconf 91' lang='lat' dir='ltr'><strong>cnm</strong></span> <span class='ocrx_word' id='word_1_213' title='bbox 1560 3735 1712 3806; x_wconf 90' lang='lat' dir='ltr'><strong>utilium</strong></span> <span class='ocrx_word' id='word_1_214' title='bbox 1757 3737 1820 3807; x_wconf 88' lang='lat' dir='ltr'><strong>de-</strong></span> 
     </span>
     <span class='ocr_line' id='line_1_27' title="bbox 141 3825 1818 3928; baseline 0.001 -24"><span class='ocrx_word' id='word_1_215' title='bbox 141 3831 347 3905; x_wconf 86' lang='lat' dir='ltr'><strong>claratione</strong></span> <span class='ocrx_word' id='word_1_216' title='bbox 371 3829 514 3906; x_wconf 88' lang='lat' dir='ltr'><strong>bonesti</strong></span> <span class='ocrx_word' id='word_1_217' title='bbox 539 3833 718 3902; x_wconf 89' lang='lat' dir='ltr'><strong>rationem</strong></span> <span class='ocrx_word' id='word_1_218' title='bbox 745 3825 904 3919; x_wconf 79' lang='lat' dir='ltr'><strong>confert,</strong></span> <span class='ocrx_word' id='word_1_219' title='bbox 930 3851 972 3899; x_wconf 89' lang='lat' dir='ltr'><strong>ac</strong></span> <span class='ocrx_word' id='word_1_220' title='bbox 997 3827 1148 3898; x_wconf 90' lang='lat' dir='ltr'><strong>consilio</strong></span> <span class='ocrx_word' id='word_1_221' title='bbox 1174 3831 1253 3928; x_wconf 84' lang='lat' dir='ltr'><strong>jus,</strong></span> <span class='ocrx_word' id='word_1_222' title='bbox 1279 3843 1316 3900; x_wconf 90' lang='lat' dir='ltr'><strong>et</strong></span> <span class='ocrx_word' id='word_1_223' title='bbox 1339 3833 1473 3904; x_wconf 89' lang='lat' dir='ltr'><strong>actioni</strong></span> <span class='ocrx_word' id='word_1_224' title='bbox 1500 3833 1608 3906; x_wconf 89' lang='lat' dir='ltr'><strong>decus</strong></span> <span class='ocrx_word' id='word_1_225' title='bbox 1625 3833 1818 3926; x_wconf 86' lang='lat' dir='ltr'><strong>conciliat,</strong></span> 
     </span>
     <span class='ocr_line' id='line_1_28' title="bbox 142 3925 1818 4030; baseline 0.002 -27"><span class='ocrx_word' id='word_1_226' title='bbox 142 3935 274 4030; x_wconf 88' lang='lat' dir='ltr'><strong>sicque</strong></span> <span class='ocrx_word' id='word_1_227' title='bbox 299 3933 449 4024; x_wconf 78' lang='lat' dir='ltr'><strong>statuit,</strong></span> <span class='ocrx_word' id='word_1_228' title='bbox 475 3943 513 4004; x_wconf 89' lang='lat' dir='ltr'><strong>et</strong></span> <span class='ocrx_word' id='word_1_229' title='bbox 537 3927 612 4002; x_wconf 88' lang='lat' dir='ltr'><strong>fine</strong></span> <span class='ocrx_word' id='word_1_230' title='bbox 636 3953 702 4004; x_wconf 91' lang='lat' dir='ltr'><strong>suo</strong></span> <span class='ocrx_word' id='word_1_231' title='bbox 726 3931 863 4028; x_wconf 87' lang='lat' dir='ltr'><strong>potitur</strong></span> <span class='ocrx_word' id='word_1_232' title='bbox 887 3925 1051 4000; x_wconf 81' lang='lat' dir='ltr'><strong>feliciter.</strong></span> <span class='ocrx_word' id='word_1_233' title='bbox 1079 3929 1182 4021; x_wconf 87' lang='lat' dir='ltr'><strong>Quae</strong></span> <span class='ocrx_word' id='word_1_234' title='bbox 1207 3926 1348 4027; x_wconf 90' lang='lat' dir='ltr'><strong>publici</strong></span> <span class='ocrx_word' id='word_1_235' title='bbox 1380 3933 1568 4006; x_wconf 89' lang='lat' dir='ltr'><strong>commodi</strong></span> <span class='ocrx_word' id='word_1_236' title='bbox 1600 3957 1704 4007; x_wconf 86' lang='lat' dir='ltr'><strong>causa</strong></span> <span class='ocrx_word' id='word_1_237' title='bbox 1748 3938 1818 4008; x_wconf 88' lang='lat' dir='ltr'><strong>uti·</strong></span> 
     </span>
     <span class='ocr_line' id='line_1_29' title="bbox 143 4024 1819 4131; baseline 0.002 -27"><span class='ocrx_word' id='word_1_238' title='bbox 143 4031 244 4104; x_wconf 90' lang='lat' dir='ltr'><strong>lium</strong></span> <span class='ocrx_word' id='word_1_239' title='bbox 272 4057 291 4102; x_wconf 86' lang='lat' dir='ltr'><strong>a</strong></span> <span class='ocrx_word' id='word_1_240' title='bbox 319 4035 437 4104; x_wconf 87' lang='lat' dir='ltr'><strong>noxiis</strong></span> <span class='ocrx_word' id='word_1_241' title='bbox 461 4030 631 4104; x_wconf 88' lang='lat' dir='ltr'><strong>discretio</strong></span> <span class='ocrx_word' id='word_1_242' title='bbox 655 4042 693 4103; x_wconf 86' lang='lat' dir='ltr'><strong>et</strong></span> <span class='ocrx_word' id='word_1_243' title='bbox 717 4031 863 4117; x_wconf 88' lang='lat' dir='ltr'><strong>electio,</strong></span> <span class='ocrx_word' id='word_1_244' title='bbox 890 4024 1095 4117; x_wconf 83' lang='lat' dir='ltr'><strong>incumbit3</strong></span> <span class='ocrx_word' id='word_1_245' title='bbox 1121 4024 1185 4098; x_wconf 89' lang='lat' dir='ltr'><strong>illa</strong></span> <span class='ocrx_word' id='word_1_246' title='bbox 1238 4053 1354 4126; x_wconf 90' lang='lat' dir='ltr'><strong>noque</strong></span> <span class='ocrx_word' id='word_1_247' title='bbox 1379 4035 1521 4131; x_wconf 90' lang='lat' dir='ltr'><strong>privato</strong></span> <span class='ocrx_word' id='word_1_248' title='bbox 1546 4029 1652 4106; x_wconf 90' lang='lat' dir='ltr'><strong>rebus</strong></span> <span class='ocrx_word' id='word_1_249' title='bbox 1669 4035 1741 4106; x_wconf 89' lang='lat' dir='ltr'><strong>suis</strong></span> <span class='ocrx_word' id='word_1_250' title='bbox 1758 4034 1819 4108; x_wconf 90' lang='lat' dir='ltr'><strong>be-</strong></span> 
     </span>
     <span class='ocr_line' id='line_1_30' title="bbox 144 4053 1808 4226; baseline 0.002 -22"><span class='ocrx_word' id='word_1_251' title='bbox 144 4155 196 4204; x_wconf 87' lang='lat' dir='ltr'><strong>ne</strong></span> <span class='ocrx_word' id='word_1_252' title='bbox 220 4132 437 4206; x_wconf 90' lang='lat' dir='ltr'><strong>consulturo</strong></span> <span class='ocrx_word' id='word_1_253' title='bbox 463 4157 538 4205; x_wconf 91' lang='lat' dir='ltr'><strong>non</strong></span> <span class='ocrx_word' id='word_1_254' title='bbox 564 4129 689 4203; x_wconf 83' lang='lat' dir='ltr'><strong>vuinus</strong></span> <span class='ocrx_word' id='word_1_255' title='bbox 710 4129 908 4218; x_wconf 90' lang='lat' dir='ltr'><strong>conducit;</strong></span> <span class='ocrx_word' id='word_1_256' title='bbox 934 4125 1046 4200; x_wconf 86' lang='lat' dir='ltr'><strong>aliud</strong></span> <span class='ocrx_word' id='word_1_257' title='bbox 1071 4127 1173 4198; x_wconf 88' lang='lat' dir='ltr'><strong>enim</strong></span> <span class='ocrx_word' id='word_1_258' title='bbox 1198 4053 1339 4202; x_wconf 63' lang='lat' dir='ltr'><strong>fesseca</strong></span> <span class='ocrx_word' id='word_1_259' title='bbox 1366 4146 1559 4223; x_wconf 86' lang='lat' dir='ltr'><strong>monento,</strong></span> <span class='ocrx_word' id='word_1_260' title='bbox 1585 4138 1808 4226; x_wconf 84' lang='lat' dir='ltr'><strong>meminisse,</strong></span> 
     </span>
     <span class='ocr_line' id='line_1_31' title="bbox 144 4227 1817 4333; baseline 0.001 -28"><span class='ocrx_word' id='word_1_261' title='bbox 144 4230 260 4305; x_wconf 83' lang='lat' dir='ltr'><strong>aliud</strong></span> <span class='ocrx_word' id='word_1_262' title='bbox 283 4235 382 4304; x_wconf 86' lang='lat' dir='ltr'><strong>scire</strong></span> <span class='ocrx_word' id='word_1_263' title='bbox 405 4247 489 4325; x_wconf 75' lang='lat' dir='ltr'><strong>cst,</strong></span> <span class='ocrx_word' id='word_1_264' title='bbox 511 4231 762 4304; x_wconf 87' lang='lat' dir='ltr'><strong>meminerunt</strong></span> <span class='ocrx_word' id='word_1_265' title='bbox 787 4228 845 4302; x_wconf 94' lang='lat' dir='ltr'><strong>illi</strong></span> <span class='ocrx_word' id='word_1_266' title='bbox 877 4227 943 4328; x_wconf 90' lang='lat' dir='ltr'><strong>qui</strong></span> <span class='ocrx_word' id='word_1_267' title='bbox 984 4229 1179 4298; x_wconf 86' lang='lat' dir='ltr'><strong>commissa</strong></span> <span class='ocrx_word' id='word_1_268' title='bbox 1223 4231 1399 4302; x_wconf 89' lang='lat' dir='ltr'><strong>memoria</strong></span> <span class='ocrx_word' id='word_1_269' title='bbox 1442 4243 1596 4325; x_wconf 89' lang='lat' dir='ltr'><strong>tenent,</strong></span> <span class='ocrx_word' id='word_1_270' title='bbox 1632 4233 1817 4333; x_wconf 84' lang='lat' dir='ltr'><strong>applicare</strong></span> 
     </span>
     <span class='ocr_line' id='line_1_32' title="bbox 144 4327 1817 4430; baseline 0.001 -25"><span class='ocrx_word' id='word_1_271' title='bbox 144 4330 449 4430; x_wconf 83' lang='lat' dir='ltr'><strong>contingentibus</strong></span> <span class='ocrx_word' id='word_1_272' title='bbox 474 4333 652 4404; x_wconf 87' lang='lat' dir='ltr'><strong>nesciunt.</strong></span> <span class='ocrx_word' id='word_1_273' title='bbox 679 4331 807 4403; x_wconf 89' lang='lat' dir='ltr'><strong>Sciunt</strong></span> <span class='ocrx_word' id='word_1_274' title='bbox 832 4339 958 4402; x_wconf 87' lang='lat' dir='ltr'><strong>contra</strong></span> <span class='ocrx_word' id='word_1_275' title='bbox 982 4327 1045 4425; x_wconf 88' lang='lat' dir='ltr'><strong>qui</strong></span> <span class='ocrx_word' id='word_1_276' title='bbox 1074 4349 1198 4398; x_wconf 90' lang='lat' dir='ltr'><strong>rerum</strong></span> <span class='ocrx_word' id='word_1_277' title='bbox 1225 4351 1348 4399; x_wconf 88' lang='lat' dir='ltr'><strong>causas</strong></span> <span class='ocrx_word' id='word_1_278' title='bbox 1374 4343 1510 4403; x_wconf 91' lang='lat' dir='ltr'><strong>norunt</strong></span> <span class='ocrx_word' id='word_1_279' title='bbox 1537 4345 1575 4404; x_wconf 88' lang='lat' dir='ltr'><strong>et</strong></span> <span class='ocrx_word' id='word_1_280' title='bbox 1599 4336 1674 4406; x_wconf 89' lang='lat' dir='ltr'><strong>suis</strong></span> <span class='ocrx_word' id='word_1_281' title='bbox 1713 4357 1754 4405; x_wconf 88' lang='lat' dir='ltr'><strong>ac</strong></span> <span class='ocrx_word' id='word_1_282' title='bbox 1780 4359 1817 4407; x_wconf 88' lang='lat' dir='ltr'><strong>a·</strong></span> 
     </span>
     <span class='ocr_line' id='line_1_33' title="bbox 146 4425 1819 4532; baseline 0 -26"><span class='ocrx_word' id='word_1_283' title='bbox 146 4431 286 4506; x_wconf 88' lang='lat' dir='ltr'><strong>liuram</strong></span> <span class='ocrx_word' id='word_1_284' title='bbox 314 4430 436 4505; x_wconf 89' lang='lat' dir='ltr'><strong>usibus</strong></span> <span class='ocrx_word' id='word_1_285' title='bbox 460 4431 636 4506; x_wconf 83' lang='lat' dir='ltr'><strong>inservire</strong></span> <span class='ocrx_word' id='word_1_286' title='bbox 661 4428 785 4504; x_wconf 82' lang='lat' dir='ltr'><strong>valent</strong></span> <span class='ocrx_word' id='word_1_287' title='bbox 809 4429 979 4528; x_wconf 85' lang='lat' dir='ltr'><strong>apposite.</strong></span> <span class='ocrx_word' id='word_1_288' title='bbox 1004 4425 1316 4525; x_wconf 81' lang='lat' dir='ltr'><strong>iurisprudentine</strong></span> <span class='ocrx_word' id='word_1_289' title='bbox 1341 4433 1565 4506; x_wconf 87' lang='lat' dir='ltr'><strong>contrariom</strong></span> <span class='ocrx_word' id='word_1_290' title='bbox 1589 4435 1704 4532; x_wconf 85' lang='lat' dir='ltr'><strong>magis</strong></span> <span class='ocrx_word' id='word_1_291' title='bbox 1722 4433 1819 4508; x_wconf 88' lang='lat' dir='ltr'><strong>nibil</strong></span> 
     </span>
     <span class='ocr_line' id='line_1_34' title="bbox 145 4526 1815 4635; baseline 0.002 -30"><span class='ocrx_word' id='word_1_292' title='bbox 145 4545 204 4606; x_wconf 84' lang='lat' dir='ltr'><strong>est</strong></span> <span class='ocrx_word' id='word_1_293' title='bbox 229 4557 342 4632; x_wconf 90' lang='lat' dir='ltr'><strong>qoam</strong></span> <span class='ocrx_word' id='word_1_294' title='bbox 369 4533 489 4606; x_wconf 83' lang='lat' dir='ltr'><strong>doceri</strong></span> <span class='ocrx_word' id='word_1_295' title='bbox 514 4527 715 4630; x_wconf 85' lang='lat' dir='ltr'><strong>exemplis,</strong></span> <span class='ocrx_word' id='word_1_296' title='bbox 740 4527 838 4630; x_wconf 90' lang='lat' dir='ltr'><strong>quod</strong></span> <span class='ocrx_word' id='word_1_297' title='bbox 862 4527 1090 4602; x_wconf 78' lang='lat' dir='ltr'><strong>lastinianus</strong></span> <span class='ocrx_word' id='word_1_298' title='bbox 1115 4526 1265 4618; x_wconf 90' lang='lat' dir='ltr'><strong>Caesar,</strong></span> <span class='ocrx_word' id='word_1_299' title='bbox 1289 4539 1396 4630; x_wconf 76' lang='lat' dir='ltr'><strong>cujus</strong></span> <span class='ocrx_word' id='word_1_300' title='bbox 1421 4555 1505 4606; x_wconf 90' lang='lat' dir='ltr'><strong>cura</strong></span> <span class='ocrx_word' id='word_1_301' title='bbox 1541 4537 1598 4635; x_wconf 86' lang='lat' dir='ltr'><strong>jus</strong></span> <span class='ocrx_word' id='word_1_302' title='bbox 1644 4537 1681 4609; x_wconf 92' lang='lat' dir='ltr'><strong>iu</strong></span> <span class='ocrx_word' id='word_1_303' title='bbox 1725 4537 1815 4608; x_wconf 86' lang='lat' dir='ltr'><strong>artis</strong></span> 
     </span>
     <span class='ocr_line' id='line_1_35' title="bbox 147 4626 1813 4734; baseline 0.002 -27"><span class='ocrx_word' id='word_1_304' title='bbox 147 4632 302 4707; x_wconf 87' lang='lat' dir='ltr'><strong>modurn</strong></span> <span class='ocrx_word' id='word_1_305' title='bbox 329 4636 449 4732; x_wconf 91' lang='lat' dir='ltr'><strong>primo</strong></span> <span class='ocrx_word' id='word_1_306' title='bbox 475 4631 681 4721; x_wconf 84' lang='lat' dir='ltr'><strong>redactum,</strong></span> <span class='ocrx_word' id='word_1_307' title='bbox 704 4629 910 4706; x_wconf 88' lang='lat' dir='ltr'><strong>cavendum</strong></span> <span class='ocrx_word' id='word_1_308' title='bbox 937 4626 1114 4716; x_wconf 85' lang='lat' dir='ltr'><strong>studiosos</strong></span> <span class='ocrx_word' id='word_1_309' title='bbox 1141 4631 1305 4718; x_wconf 88' lang='lat' dir='ltr'><strong>monuit,</strong></span> <span class='ocrx_word' id='word_1_310' title='bbox 1328 4642 1365 4699; x_wconf 89' lang='lat' dir='ltr'><strong>et</strong></span> <span class='ocrx_word' id='word_1_311' title='bbox 1391 4631 1481 4728; x_wconf 92' lang='lat' dir='ltr'><strong>quid</strong></span> <span class='ocrx_word' id='word_1_312' title='bbox 1508 4634 1547 4706; x_wconf 92' lang='lat' dir='ltr'><strong>in</strong></span> <span class='ocrx_word' id='word_1_313' title='bbox 1574 4636 1660 4734; x_wconf 90' lang='lat' dir='ltr'><strong>ipsis</strong></span> <span class='ocrx_word' id='word_1_314' title='bbox 1690 4659 1813 4710; x_wconf 85' lang='lat' dir='ltr'><strong>rarum</strong></span> 
     </span>
     <span class='ocr_line' id='line_1_36' title="bbox 146 4725 1813 4835; baseline 0.001 -28"><span class='ocrx_word' id='word_1_315' title='bbox 146 4735 373 4832; x_wconf 84' lang='lat' dir='ltr'><strong>argumentis</strong></span> <span class='ocrx_word' id='word_1_316' title='bbox 397 4733 559 4806; x_wconf 86' lang='lat' dir='ltr'><strong>obtineat</strong></span> <span class='ocrx_word' id='word_1_317' title='bbox 583 4752 708 4804; x_wconf 87' lang='lat' dir='ltr'><strong>curare</strong></span> <span class='ocrx_word' id='word_1_318' title='bbox 735 4733 852 4835; x_wconf 86' lang='lat' dir='ltr'><strong>jussit.</strong></span> <span class='ocrx_word' id='word_1_319' title='bbox 877 4725 1033 4800; x_wconf 88' lang='lat' dir='ltr'><strong>Naxium</strong></span> <span class='ocrx_word' id='word_1_320' title='bbox 1061 4726 1099 4798; x_wconf 94' lang='lat' dir='ltr'><strong>id</strong></span> <span class='ocrx_word' id='word_1_321' title='bbox 1132 4731 1316 4826; x_wconf 85' lang='lat' dir='ltr'><strong>reputavit</strong></span> <span class='ocrx_word' id='word_1_322' title='bbox 1358 4755 1497 4823; x_wconf 91' lang='lat' dir='ltr'><strong>omne,</strong></span> <span class='ocrx_word' id='word_1_323' title='bbox 1538 4737 1636 4833; x_wconf 92' lang='lat' dir='ltr'><strong>quod</strong></span> <span class='ocrx_word' id='word_1_324' title='bbox 1680 4734 1813 4808; x_wconf 88' lang='lat' dir='ltr'><strong>frustra</strong></span> 
     </span>
     <span class='ocr_line' id='line_1_37' title="bbox 147 4825 1813 4933; baseline 0.001 -28"><span class='ocrx_word' id='word_1_325' title='bbox 147 4833 383 4906; x_wconf 85' lang='lat' dir='ltr'><strong>tractandum</strong></span> <span class='ocrx_word' id='word_1_326' title='bbox 407 4833 616 4932; x_wconf 88' lang='lat' dir='ltr'><strong>suscipitur,</strong></span> <span class='ocrx_word' id='word_1_327' title='bbox 640 4829 730 4904; x_wconf 89' lang='lat' dir='ltr'><strong>dum</strong></span> <span class='ocrx_word' id='word_1_328' title='bbox 756 4835 794 4904; x_wconf 93' lang='lat' dir='ltr'><strong>in</strong></span> <span class='ocrx_word' id='word_1_329' title='bbox 822 4825 957 4929; x_wconf 88' lang='lat' dir='ltr'><strong>publici</strong></span> <span class='ocrx_word' id='word_1_330' title='bbox 985 4825 1176 4899; x_wconf 89' lang='lat' dir='ltr'><strong>commoda</strong></span> <span class='ocrx_word' id='word_1_331' title='bbox 1204 4851 1350 4926; x_wconf 88' lang='lat' dir='ltr'><strong>peccare</strong></span> <span class='ocrx_word' id='word_1_332' title='bbox 1375 4855 1458 4902; x_wconf 91' lang='lat' dir='ltr'><strong>eum</strong></span> <span class='ocrx_word' id='word_1_333' title='bbox 1486 4834 1621 4922; x_wconf 90' lang='lat' dir='ltr'><strong>voluit,</strong></span> <span class='ocrx_word' id='word_1_334' title='bbox 1639 4838 1701 4933; x_wconf 88' lang='lat' dir='ltr'><strong>qui</strong></span> <span class='ocrx_word' id='word_1_335' title='bbox 1720 4846 1813 4906; x_wconf 85' lang='lat' dir='ltr'><strong>tem·</strong></span> 
     </span>
     <span class='ocr_line' id='line_1_38' title="bbox 146 4926 1812 5037; baseline 0 -31"><span class='ocrx_word' id='word_1_336' title='bbox 146 4959 229 5037; x_wconf 89' lang='lat' dir='ltr'><strong>pus,</strong></span> <span class='ocrx_word' id='word_1_337' title='bbox 257 4933 464 5006; x_wconf 90' lang='lat' dir='ltr'><strong>utilioribus</strong></span> <span class='ocrx_word' id='word_1_338' title='bbox 489 4931 769 5021; x_wconf 88' lang='lat' dir='ltr'><strong>insumendum,</strong></span> <span class='ocrx_word' id='word_1_339' title='bbox 794 4931 834 5002; x_wconf 91' lang='lat' dir='ltr'><strong>in</strong></span> <span class='ocrx_word' id='word_1_340' title='bbox 860 4927 974 5002; x_wconf 91' lang='lat' dir='ltr'><strong>futuri</strong></span> <span class='ocrx_word' id='word_1_341' title='bbox 1001 4926 1197 4999; x_wconf 87' lang='lat' dir='ltr'><strong>oblivionis</strong></span> <span class='ocrx_word' id='word_1_342' title='bbox 1223 4953 1325 5026; x_wconf 89' lang='lat' dir='ltr'><strong>spem</strong></span> <span class='ocrx_word' id='word_1_343' title='bbox 1355 4931 1550 5030; x_wconf 88' lang='lat' dir='ltr'><strong>impendit.</strong></span> <span class='ocrx_word' id='word_1_344' title='bbox 1595 4933 1721 5007; x_wconf 88' lang='lat' dir='ltr'><strong>Plures</strong></span> <span class='ocrx_word' id='word_1_345' title='bbox 1764 4959 1812 5006; x_wconf 88' lang='lat' dir='ltr'><strong>au</strong></span> 
     </span>
     <span class='ocr_line' id='line_1_39' title="bbox 146 5028 1814 5138; baseline 0.001 -32"><span class='ocrx_word' id='word_1_346' title='bbox 146 5037 339 5138; x_wconf 88' lang='lat' dir='ltr'><strong>pauciores</strong></span> <span class='ocrx_word' id='word_1_347' title='bbox 364 5035 409 5106; x_wconf 91' lang='lat' dir='ltr'><strong>ad</strong></span> <span class='ocrx_word' id='word_1_348' title='bbox 437 5033 653 5134; x_wconf 85' lang='lat' dir='ltr'><strong>prudentiae</strong></span> <span class='ocrx_word' id='word_1_349' title='bbox 679 5032 845 5104; x_wconf 87' lang='lat' dir='ltr'><strong>tramites</strong></span> <span class='ocrx_word' id='word_1_350' title='bbox 870 5030 1029 5102; x_wconf 87' lang='lat' dir='ltr'><strong>actiones</strong></span> <span class='ocrx_word' id='word_1_351' title='bbox 1054 5049 1136 5100; x_wconf 87' lang='lat' dir='ltr'><strong>snas</strong></span> <span class='ocrx_word' id='word_1_352' title='bbox 1160 5028 1379 5122; x_wconf 87' lang='lat' dir='ltr'><strong>instituant,</strong></span> <span class='ocrx_word' id='word_1_353' title='bbox 1412 5057 1502 5106; x_wconf 91' lang='lat' dir='ltr'><strong>uum</strong></span> <span class='ocrx_word' id='word_1_354' title='bbox 1548 5033 1724 5134; x_wconf 89' lang='lat' dir='ltr'><strong>exemplis</strong></span> <span class='ocrx_word' id='word_1_355' title='bbox 1752 5035 1814 5108; x_wconf 87' lang='lat' dir='ltr'><strong>vel</strong></span> 
     </span>
     <span class='ocr_line' id='line_1_40' title="bbox 147 5125 1812 5234; baseline -0.001 -24"><span class='ocrx_word' id='word_1_356' title='bbox 147 5139 291 5210; x_wconf 83' lang='lat' dir='ltr'><strong>eventis</strong></span> <span class='ocrx_word' id='word_1_357' title='bbox 318 5135 455 5207; x_wconf 86' lang='lat' dir='ltr'><strong>edoceri</strong></span> <span class='ocrx_word' id='word_1_358' title='bbox 484 5131 642 5224; x_wconf 88' lang='lat' dir='ltr'><strong>malint,</strong></span> <span class='ocrx_word' id='word_1_359' title='bbox 667 5131 728 5206; x_wconf 91' lang='lat' dir='ltr'><strong>bic</strong></span> <span class='ocrx_word' id='word_1_360' title='bbox 753 5130 877 5205; x_wconf 89' lang='lat' dir='ltr'><strong>nullus</strong></span> <span class='ocrx_word' id='word_1_361' title='bbox 900 5127 1056 5224; x_wconf 86' lang='lat' dir='ltr'><strong>ambigo.</strong></span> <span class='ocrx_word' id='word_1_362' title='bbox 1082 5127 1156 5220; x_wconf 91' lang='lat' dir='ltr'><strong>Qui</strong></span> <span class='ocrx_word' id='word_1_363' title='bbox 1201 5125 1391 5203; x_wconf 84' lang='lat' dir='ltr'><strong>biennium</strong></span> <span class='ocrx_word' id='word_1_364' title='bbox 1434 5147 1471 5205; x_wconf 88' lang='lat' dir='ltr'><strong>et</strong></span> <span class='ocrx_word' id='word_1_365' title='bbox 1512 5137 1609 5234; x_wconf 90' lang='lat' dir='ltr'><strong>quod</strong></span> <span class='ocrx_word' id='word_1_366' title='bbox 1651 5140 1812 5209; x_wconf 87' lang='lat' dir='ltr'><strong>excurrit</strong></span> 
     </span>
     <span class='ocr_line' id='line_1_41' title="bbox 148 5227 1810 5340; baseline -0.002 -31"><span class='ocrx_word' id='word_1_367' title='bbox 148 5261 262 5340; x_wconf 89' lang='lat' dir='ltr'><strong>prope</strong></span> <span class='ocrx_word' id='word_1_368' title='bbox 286 5237 376 5336; x_wconf 83' lang='lat' dir='ltr'><strong>juris</strong></span> <span class='ocrx_word' id='word_1_369' title='bbox 401 5235 616 5334; x_wconf 85' lang='lat' dir='ltr'><strong>prudentiae</strong></span> <span class='ocrx_word' id='word_1_370' title='bbox 656 5257 782 5332; x_wconf 92' lang='lat' dir='ltr'><strong>opera,</strong></span> <span class='ocrx_word' id='word_1_371' title='bbox 816 5255 889 5332; x_wconf 89' lang='lat' dir='ltr'><strong>qua</strong></span> <span class='ocrx_word' id='word_1_372' title='bbox 932 5228 1054 5317; x_wconf 88' lang='lat' dir='ltr'><strong>decet,</strong></span> <span class='ocrx_word' id='word_1_373' title='bbox 1079 5227 1292 5325; x_wconf 83' lang='lat' dir='ltr'><strong>invigilavi,</strong></span> <span class='ocrx_word' id='word_1_374' title='bbox 1317 5232 1502 5332; x_wconf 89' lang='lat' dir='ltr'><strong>antiquius</strong></span> <span class='ocrx_word' id='word_1_375' title='bbox 1534 5236 1627 5309; x_wconf 90' lang='lat' dir='ltr'><strong>nibil</strong></span> <span class='ocrx_word' id='word_1_376' title='bbox 1669 5234 1810 5326; x_wconf 85' lang='lat' dir='ltr'><strong>habui,</strong></span> 
     </span>
     <span class='ocr_line' id='line_1_42' title="bbox 146 5326 1809 5439; baseline -0.001 -29"><span class='ocrx_word' id='word_1_377' title='bbox 146 5363 259 5439; x_wconf 88' lang='lat' dir='ltr'><strong>quam</strong></span> <span class='ocrx_word' id='word_1_378' title='bbox 285 5339 331 5406; x_wconf 90' lang='lat' dir='ltr'><strong>de</strong></span> <span class='ocrx_word' id='word_1_379' title='bbox 356 5337 400 5406; x_wconf 87' lang='lat' dir='ltr'><strong>iis</strong></span> <span class='ocrx_word' id='word_1_380' title='bbox 424 5359 547 5430; x_wconf 81' lang='lat' dir='ltr'><strong>agere,</strong></span> <span class='ocrx_word' id='word_1_381' title='bbox 574 5355 666 5429; x_wconf 85' lang='lat' dir='ltr'><strong>quas</strong></span> <span class='ocrx_word' id='word_1_382' title='bbox 692 5335 728 5404; x_wconf 90' lang='lat' dir='ltr'><strong>in</strong></span> <span class='ocrx_word' id='word_1_383' title='bbox 756 5355 841 5405; x_wconf 88' lang='lat' dir='ltr'><strong>aevo</strong></span> <span class='ocrx_word' id='word_1_384' title='bbox 867 5329 934 5402; x_wconf 92' lang='lat' dir='ltr'><strong>boc</strong></span> <span class='ocrx_word' id='word_1_385' title='bbox 959 5326 1156 5425; x_wconf 87' lang='lat' dir='ltr'><strong>aliqnando</strong></span> <span class='ocrx_word' id='word_1_386' title='bbox 1199 5328 1290 5400; x_wconf 89' lang='lat' dir='ltr'><strong>mibi</strong></span> <span class='ocrx_word' id='word_1_387' title='bbox 1336 5345 1422 5403; x_wconf 88' lang='lat' dir='ltr'><strong>sunt</strong></span> <span class='ocrx_word' id='word_1_388' title='bbox 1466 5335 1663 5434; x_wconf 88' lang='lat' dir='ltr'><strong>profutura.</strong></span> <span class='ocrx_word' id='word_1_389' title='bbox 1706 5336 1809 5430; x_wconf 91' lang='lat' dir='ltr'><strong>Quid</strong></span> 
     </span>
     <span class='ocr_line' id='line_1_43' title="bbox 147 5426 1809 5536; baseline -0.003 -23"><span class='ocrx_word' id='word_1_390' title='bbox 147 5463 234 5512; x_wconf 84' lang='lat' dir='ltr'><strong>vero</strong></span> <span class='ocrx_word' id='word_1_391' title='bbox 259 5432 495 5536; x_wconf 78' lang='lat' dir='ltr'><strong>profecerim,</strong></span> <span class='ocrx_word' id='word_1_392' title='bbox 520 5459 562 5508; x_wconf 89' lang='lat' dir='ltr'><strong>eo</strong></span> <span class='ocrx_word' id='word_1_393' title='bbox 587 5431 658 5504; x_wconf 86' lang='lat' dir='ltr'><strong>fine</strong></span> <span class='ocrx_word' id='word_1_394' title='bbox 684 5447 725 5506; x_wconf 91' lang='lat' dir='ltr'><strong>ut</strong></span> <span class='ocrx_word' id='word_1_395' title='bbox 750 5429 897 5533; x_wconf 87' lang='lat' dir='ltr'><strong>publice</strong></span> <span class='ocrx_word' id='word_1_396' title='bbox 921 5427 1116 5528; x_wconf 88' lang='lat' dir='ltr'><strong>probatum</strong></span> <span class='ocrx_word' id='word_1_397' title='bbox 1142 5426 1227 5499; x_wconf 89' lang='lat' dir='ltr'><strong>dem</strong></span> <span class='ocrx_word' id='word_1_398' title='bbox 1254 5429 1540 5527; x_wconf 87' lang='lat' dir='ltr'><strong>quodammodo,</strong></span> <span class='ocrx_word' id='word_1_399' title='bbox 1566 5435 1698 5535; x_wconf 90' lang='lat' dir='ltr'><strong>quibus</strong></span> <span class='ocrx_word' id='word_1_400' title='bbox 1732 5463 1809 5508; x_wconf 91' lang='lat' dir='ltr'><strong>mo·</strong></span> 
     </span>
     <span class='ocr_line' id='line_1_44' title="bbox 144 5525 1809 5636; baseline -0.002 -24"><span class='ocrx_word' id='word_1_401' title='bbox 144 5565 225 5612; x_wconf 87' lang='lat' dir='ltr'><strong>rem</strong></span> <span class='ocrx_word' id='word_1_402' title='bbox 250 5559 374 5634; x_wconf 82' lang='lat' dir='ltr'><strong>gerere</strong></span> <span class='ocrx_word' id='word_1_403' title='bbox 399 5536 513 5633; x_wconf 86' lang='lat' dir='ltr'><strong>pietas</strong></span> <span class='ocrx_word' id='word_1_404' title='bbox 537 5533 673 5633; x_wconf 89' lang='lat' dir='ltr'><strong>pariter</strong></span> <span class='ocrx_word' id='word_1_405' title='bbox 698 5545 735 5604; x_wconf 87' lang='lat' dir='ltr'><strong>et</strong></span> <span class='ocrx_word' id='word_1_406' title='bbox 753 5528 974 5607; x_wconf 87' lang='lat' dir='ltr'><strong>necessitudo</strong></span> <span class='ocrx_word' id='word_1_407' title='bbox 999 5525 1099 5629; x_wconf 74' lang='lat' dir='ltr'><strong>jubet</strong></span> <span class='ocrx_word' id='word_1_408' title='bbox 1110 5580 1121 5616; x_wconf 93' lang='lat'><strong>,</strong></span> <span class='ocrx_word' id='word_1_409' title='bbox 1146 5527 1239 5600; x_wconf 89' lang='lat' dir='ltr'><strong>mibi</strong></span> <span class='ocrx_word' id='word_1_410' title='bbox 1273 5536 1549 5630; x_wconf 73' lang='lat' dir='ltr'><strong>imposuerunt,</strong></span> <span class='ocrx_word' id='word_1_411' title='bbox 1591 5535 1639 5610; x_wconf 79' lang='lat' dir='ltr'><strong>de</strong></span> <span class='ocrx_word' id='word_1_412' title='bbox 1668 5535 1809 5636; x_wconf 72' lang='lat' dir='ltr'><strong>findis</strong></span> 
     </span>
     <span class='ocr_line' id='line_1_45' title="bbox 143 5628 1806 5740; baseline 0.001 -27"><span class='ocrx_word' id='word_1_413' title='bbox 143 5642 364 5714; x_wconf 68' lang='lat' dir='ltr'><strong>crevennum</strong></span> <span class='ocrx_word' id='word_1_414' title='bbox 389 5649 428 5709; x_wconf 81' lang='lat' dir='ltr'><strong>ct</strong></span> <span class='ocrx_word' id='word_1_415' title='bbox 453 5633 783 5736; x_wconf 81' lang='lat' dir='ltr'><strong>autpimuieusium</strong></span> <span class='ocrx_word' id='word_1_416' title='bbox 809 5653 910 5708; x_wconf 81' lang='lat' dir='ltr'><strong>more</strong></span> <span class='ocrx_word' id='word_1_417' title='bbox 935 5629 1117 5704; x_wconf 82' lang='lat' dir='ltr'><strong>concessis</strong></span> <span class='ocrx_word' id='word_1_418' title='bbox 1142 5628 1350 5706; x_wconf 86' lang='lat' dir='ltr'><strong>academico</strong></span> <span class='ocrx_word' id='word_1_419' title='bbox 1375 5657 1478 5710; x_wconf 83' lang='lat' dir='ltr'><strong>more</strong></span> <span class='ocrx_word' id='word_1_420' title='bbox 1519 5637 1806 5740; x_wconf 85' lang='lat' dir='ltr'><strong>disputationem</strong></span> 
     </span>
    </p>
   </div>
   <div class='ocr_carea' id='block_1_10' title="bbox 0 0 2139 6164">
    <p class='ocr_par' dir='ltr' id='par_1_12' title="bbox 0 0 2139 6164">
     <span class='ocr_line' id='line_1_46' title="bbox 0 0 2139 6164; baseline 0 0"><span class='ocrx_word' id='word_1_421' title='bbox 0 0 2139 6164; x_wconf 95' lang='lat' dir='ltr'><strong> </strong></span> 
     </span>
    </p>
   </div>
  </div>
 </body>
</html>
