<?xml version="1.0" encoding="UTF-8"?>
<!DOCTYPE html PUBLIC "-//W3C//DTD XHTML 1.0 Transitional//EN"
    "http://www.w3.org/TR/xhtml1/DTD/xhtml1-transitional.dtd">
<html xmlns="http://www.w3.org/1999/xhtml" xml:lang="en" lang="en">
 <head>
  <title>
</title>
<meta http-equiv="Content-Type" content="text/html;charset=utf-8" />
  <meta name='ocr-system' content='tesseract 3.04.00' />
  <meta name='ocr-capabilities' content='ocr_page ocr_carea ocr_par ocr_line ocrx_word'/>
</head>
<body>
  <div class='ocr_page' id='page_1' title='image "./samuelisstrykii05schogoog_0230.png"; bbox 0 0 4364 6132; ppageno 0'>
   <div class='ocr_carea' id='block_1_1' title="bbox 417 241 1975 316">
    <p class='ocr_par' dir='ltr' id='par_1_1' title="bbox 417 241 1975 316">
     <span class='ocr_line' id='line_1_1' title="bbox 417 241 1975 316; baseline 0.003 -5"><span class='ocrx_word' id='word_1_1' title='bbox 417 255 471 312; x_wconf 85' lang='lat' dir='ltr'>tat</span> <span class='ocrx_word' id='word_1_2' title='bbox 986 245 1309 311; x_wconf 69' lang='lat' dir='ltr'>ntssurtr&#39;to</span> <span class='ocrx_word' id='word_1_3' title='bbox 1344 241 1419 311; x_wconf 81' lang='lat' dir='ltr'>xri.</span> <span class='ocrx_word' id='word_1_4' title='bbox 1921 257 1975 316; x_wconf 81' lang='lat' dir='ltr'>tas</span> 
     </span>
    </p>
   </div>
   <div class='ocr_carea' id='block_1_2' title="bbox 371 342 2023 1046">
    <p class='ocr_par' dir='ltr' id='par_1_2' title="bbox 371 342 2023 1046">
     <span class='ocr_line' id='line_1_2' title="bbox 371 342 2021 452; baseline -0.002 -21"><span class='ocrx_word' id='word_1_5' title='bbox 371 376 438 432; x_wconf 87' lang='lat' dir='ltr'>nec</span> <span class='ocrx_word' id='word_1_6' title='bbox 463 353 584 452; x_wconf 84' lang='lat' dir='ltr'>rigere</span> <span class='ocrx_word' id='word_1_7' title='bbox 608 345 830 452; x_wconf 88' lang='lat' dir='ltr'>potuissent,</span> <span class='ocrx_word' id='word_1_8' title='bbox 856 342 918 420; x_wconf 86' lang='lat' dir='ltr'>sed</span> <span class='ocrx_word' id='word_1_9' title='bbox 944 343 1045 420; x_wconf 83' lang='lat' dir='ltr'>brevi</span> <span class='ocrx_word' id='word_1_10' title='bbox 1074 347 1289 424; x_wconf 78' lang='lat' dir='ltr'><strong>labefactata</strong></span> <span class='ocrx_word' id='word_1_11' title='bbox 1315 361 1353 424; x_wconf 90' lang='lat' dir='ltr'>et</span> <span class='ocrx_word' id='word_1_12' title='bbox 1378 349 1534 424; x_wconf 89' lang='lat' dir='ltr'>aliorum</span> <span class='ocrx_word' id='word_1_13' title='bbox 1552 347 1748 424; x_wconf 70' lang='lat' dir='ltr'>insultibus</span> <span class='ocrx_word' id='word_1_14' title='bbox 1765 347 1859 424; x_wconf 89' lang='lat' dir='ltr'>hand</span> <span class='ocrx_word' id='word_1_15' title='bbox 1878 349 2021 428; x_wconf 81' lang='lat' dir='ltr'>dittcut-</span> 
     </span>
     <span class='ocr_line' id='line_1_3' title="bbox 372 449 2022 552; baseline 0.001 -26"><span class='ocrx_word' id='word_1_16' title='bbox 372 468 429 529; x_wconf 90' lang='lat' dir='ltr'>ter</span> <span class='ocrx_word' id='word_1_17' title='bbox 453 471 594 542; x_wconf 86' lang='lat' dir='ltr'>eversa,</span> <span class='ocrx_word' id='word_1_18' title='bbox 616 449 853 522; x_wconf 73' lang='lat' dir='ltr'>corruissent:</span> <span class='ocrx_word' id='word_1_19' title='bbox 880 449 1135 547; x_wconf 88' lang='lat' dir='ltr'>nequeenim,</span> <span class='ocrx_word' id='word_1_20' title='bbox 1163 464 1206 526; x_wconf 91' lang='lat' dir='ltr'>ut</span> <span class='ocrx_word' id='word_1_21' title='bbox 1233 449 1362 524; x_wconf 78' lang='lat' dir='ltr'>tritum</span> <span class='ocrx_word' id='word_1_22' title='bbox 1388 450 1483 526; x_wconf 87' lang='lat' dir='ltr'>illud</span> <span class='ocrx_word' id='word_1_23' title='bbox 1509 449 1628 528; x_wconf 89' lang='lat' dir='ltr'>Taciti</span> <span class='ocrx_word' id='word_1_24' title='bbox 1656 451 1727 526; x_wconf 91' lang='lat' dir='ltr'>huc</span> <span class='ocrx_word' id='word_1_25' title='bbox 1754 477 1892 552; x_wconf 91' lang='lat' dir='ltr'>quoque</span> <span class='ocrx_word' id='word_1_26' title='bbox 1921 455 2022 528; x_wconf 86' lang='lat' dir='ltr'>reler-</span> 
     </span>
     <span class='ocr_line' id='line_1_4' title="bbox 372 547 2022 652; baseline 0.002 -27"><span class='ocrx_word' id='word_1_27' title='bbox 372 577 412 626; x_wconf 91' lang='lat' dir='ltr'>re</span> <span class='ocrx_word' id='word_1_28' title='bbox 435 551 558 641; x_wconf 89' lang='lat' dir='ltr'>liceat,</span> <span class='ocrx_word' id='word_1_29' title='bbox 582 554 687 646; x_wconf 82' lang='lat' dir='ltr'>quies</span> <span class='ocrx_word' id='word_1_30' title='bbox 711 553 884 645; x_wconf 81' lang='lat' dir='ltr'>gentium</span> <span class='ocrx_word' id='word_1_31' title='bbox 909 547 979 620; x_wconf 85' lang='lat' dir='ltr'>din</span> <span class='ocrx_word' id='word_1_32' title='bbox 1006 551 1089 622; x_wconf 86' lang='lat' dir='ltr'>sinc</span> <span class='ocrx_word' id='word_1_33' title='bbox 1113 555 1244 640; x_wconf 83' lang='lat' dir='ltr'>araris,</span> <span class='ocrx_word' id='word_1_34' title='bbox 1271 575 1338 624; x_wconf 85' lang='lat' dir='ltr'>nec</span> <span class='ocrx_word' id='word_1_35' title='bbox 1364 574 1469 623; x_wconf 85' lang='lat' dir='ltr'>armo</span> <span class='ocrx_word' id='word_1_36' title='bbox 1485 556 1566 630; x_wconf 76' lang='lat' dir='ltr'>sirac</span> <span class='ocrx_word' id='word_1_37' title='bbox 1583 553 1792 650; x_wconf 79' lang='lat' dir='ltr'>stipendiis,</span> <span class='ocrx_word' id='word_1_38' title='bbox 1806 575 1871 624; x_wconf 86' lang='lat' dir='ltr'>nec</span> <span class='ocrx_word' id='word_1_39' title='bbox 1888 560 2022 652; x_wconf 85' lang='lat' dir='ltr'>stipen-</span> 
     </span>
     <span class='ocr_line' id='line_1_5' title="bbox 372 645 2023 749; baseline 0.001 -25"><span class='ocrx_word' id='word_1_40' title='bbox 372 651 438 725; x_wconf 86' lang='lat' dir='ltr'>dia</span> <span class='ocrx_word' id='word_1_41' title='bbox 462 656 544 724; x_wconf 83' lang='lat' dir='ltr'>sine</span> <span class='ocrx_word' id='word_1_42' title='bbox 569 648 726 724; x_wconf 77' lang='lat' dir='ltr'>tributis</span> <span class='ocrx_word' id='word_1_43' title='bbox 750 645 882 720; x_wconf 83' lang='lat' dir='ltr'>haberi</span> <span class='ocrx_word' id='word_1_44' title='bbox 907 663 1065 747; x_wconf 83' lang='lat' dir='ltr'>queunt.</span> <span class='ocrx_word' id='word_1_45' title='bbox 1092 649 1187 722; x_wconf 90' lang='lat' dir='ltr'>Com</span> <span class='ocrx_word' id='word_1_46' title='bbox 1213 653 1335 749; x_wconf 87' lang='lat' dir='ltr'>itaque</span> <span class='ocrx_word' id='word_1_47' title='bbox 1362 652 1557 723; x_wconf 88' lang='lat' dir='ltr'>necessitas.</span> <span class='ocrx_word' id='word_1_48' title='bbox 1579 651 1723 749; x_wconf 86' lang='lat' dir='ltr'>publica</span> <span class='ocrx_word' id='word_1_49' title='bbox 1741 650 1940 724; x_wconf 81' lang='lat' dir='ltr'>subsidium</span> <span class='ocrx_word' id='word_1_50' title='bbox 1961 653 2023 726; x_wconf 93' lang='lat' dir='ltr'>hoc</span> 
     </span>
     <span class='ocr_line' id='line_1_6' title="bbox 371 747 2023 850; baseline 0.001 -27"><span class='ocrx_word' id='word_1_51' title='bbox 371 774 444 825; x_wconf 89' lang='lat' dir='ltr'>non</span> <span class='ocrx_word' id='word_1_52' title='bbox 472 753 634 839; x_wconf 89' lang='lat' dir='ltr'>unicum,</span> <span class='ocrx_word' id='word_1_53' title='bbox 659 759 753 818; x_wconf 87' lang='lat' dir='ltr'>certe</span> <span class='ocrx_word' id='word_1_54' title='bbox 778 753 943 820; x_wconf 88' lang='lat' dir='ltr'>omnium</span> <span class='ocrx_word' id='word_1_55' title='bbox 969 747 1248 822; x_wconf 87' lang='lat' dir='ltr'>saluberrimum</span> <span class='ocrx_word' id='word_1_56' title='bbox 1275 753 1497 850; x_wconf 76' lang='lat' dir='ltr'>experiatur,</span> <span class='ocrx_word' id='word_1_57' title='bbox 1523 773 1596 822; x_wconf 88' lang='lat' dir='ltr'>non</span> <span class='ocrx_word' id='word_1_58' title='bbox 1629 751 1693 822; x_wconf 88' lang='lat' dir='ltr'>ahs</span> <span class='ocrx_word' id='word_1_59' title='bbox 1720 777 1757 822; x_wconf 86' lang='lat' dir='ltr'>re</span> <span class='ocrx_word' id='word_1_60' title='bbox 1789 753 1898 822; x_wconf 88' lang='lat' dir='ltr'>etiam</span> <span class='ocrx_word' id='word_1_61' title='bbox 1930 755 2023 825; x_wconf 88' lang='lat' dir='ltr'>omni</span> 
     </span>
     <span class='ocr_line' id='line_1_7' title="bbox 372 844 2022 950; baseline 0.001 -30"><span class='ocrx_word' id='word_1_62' title='bbox 372 862 534 948; x_wconf 88' lang='lat' dir='ltr'>tempore</span> <span class='ocrx_word' id='word_1_63' title='bbox 559 873 600 920; x_wconf 90' lang='lat' dir='ltr'>eo</span> <span class='ocrx_word' id='word_1_64' title='bbox 625 844 872 920; x_wconf 86' lang='lat' dir='ltr'>allaborarnnt</span> <span class='ocrx_word' id='word_1_65' title='bbox 897 849 1038 946; x_wconf 80' lang='lat' dir='ltr'>providi</span> <span class='ocrx_word' id='word_1_66' title='bbox 1066 848 1298 946; x_wconf 80' lang='lat' dir='ltr'>legislatores,¹</span> <span class='ocrx_word' id='word_1_67' title='bbox 1326 863 1365 920; x_wconf 93' lang='lat' dir='ltr'>ut</span> <span class='ocrx_word' id='word_1_68' title='bbox 1386 851 1495 922; x_wconf 65' lang='lat' dir='ltr'>&#39;fiscus</span> <span class='ocrx_word' id='word_1_69' title='bbox 1522 851 1737 950; x_wconf 81' lang='lat' dir='ltr'>pensionum</span> <span class='ocrx_word' id='word_1_70' title='bbox 1765 850 1893 921; x_wconf 86' lang='lat' dir='ltr'>talium</span> <span class='ocrx_word' id='word_1_71' title='bbox 1914 854 2022 922; x_wconf 87' lang='lat' dir='ltr'>norni-</span> 
     </span>
     <span class='ocr_line' id='line_1_8' title="bbox 372 947 2023 1046; baseline 0.002 -26"><span class='ocrx_word' id='word_1_72' title='bbox 372 967 554 1046; x_wconf 87' lang='lat' dir='ltr'>nequam</span> <span class='ocrx_word' id='word_1_73' title='bbox 580 950 739 1020; x_wconf 85' lang='lat' dir='ltr'>maxime</span> <span class='ocrx_word' id='word_1_74' title='bbox 767 961 863 1018; x_wconf 87' lang='lat' dir='ltr'>tutus</span> <span class='ocrx_word' id='word_1_75' title='bbox 888 960 924 1017; x_wconf 90' lang='lat' dir='ltr'>et</span> <span class='ocrx_word' id='word_1_76' title='bbox 949 947 1134 1021; x_wconf 90' lang='lat' dir='ltr'>indemnis</span> <span class='ocrx_word' id='word_1_77' title='bbox 1161 948 1388 1040; x_wconf 80' lang='lat' dir='ltr'>redderetur,</span> <span class='ocrx_word' id='word_1_78' title='bbox 1415 974 1506 1022; x_wconf 89' lang='lat' dir='ltr'>neve</span> <span class='ocrx_word' id='word_1_79' title='bbox 1538 953 1569 1021; x_wconf 92' lang='lat' dir='ltr'>ei</span> <span class='ocrx_word' id='word_1_80' title='bbox 1604 975 1624 1022; x_wconf 89' lang='lat' dir='ltr'>a</span> <span class='ocrx_word' id='word_1_81' title='bbox 1655 947 1837 1040; x_wconf 88' lang='lat' dir='ltr'>subditis,</span> <span class='ocrx_word' id='word_1_82' title='bbox 1872 952 2023 1024; x_wconf 88' lang='lat' dir='ltr'>nimium</span> 
     </span>
    </p>
   </div>
   <div class='ocr_carea' id='block_1_3' title="bbox 371 1044 2144 1149">
    <p class='ocr_par' dir='ltr' id='par_1_3' title="bbox 371 1041 2144 1149">
     <span class='ocr_line' id='line_1_9' title="bbox 371 1044 2144 1149; baseline 0.002 -31"><span class='ocrx_word' id='word_1_83' title='bbox 371 1046 583 1147; x_wconf 88' lang='lat' dir='ltr'>plerumque</span> <span class='ocrx_word' id='word_1_84' title='bbox 609 1049 649 1119; x_wconf 86' lang='lat' dir='ltr'>in</span> <span class='ocrx_word' id='word_1_85' title='bbox 674 1044 977 1144; x_wconf 81' lang='lat' dir='ltr'>subterfugiendis</span> <span class='ocrx_word' id='word_1_86' title='bbox 1000 1047 1181 1149; x_wconf 85' lang='lat' dir='ltr'>ejusmodi</span> <span class='ocrx_word' id='word_1_87' title='bbox 1207 1047 1374 1138; x_wconf 76' lang='lat' dir='ltr'>asseribus</span> <span class='ocrx_word' id='word_1_88' title='bbox 1402 1048 1511 1122; x_wconf 82' lang='lat' dir='ltr'>vafris</span> <span class='ocrx_word' id='word_1_89' title='bbox 1536 1061 1573 1122; x_wconf 91' lang='lat' dir='ltr'>et</span> <span class='ocrx_word' id='word_1_90' title='bbox 1598 1049 1808 1146; x_wconf 88' lang='lat' dir='ltr'>ingeniosis,</span> <span class='ocrx_word' id='word_1_91' title='bbox 1843 1052 1891 1122; x_wconf 90' lang='lat' dir='ltr'>ita</span> <span class='ocrx_word' id='word_1_92' title='bbox 1929 1049 2025 1122; x_wconf 87' lang='lat' dir='ltr'>lacile</span> <span class='ocrx_word' id='word_1_93' title='bbox 2142 1127 2144 1140; x_wconf 46' lang='lat'>,</span> 
     </span>
    </p>
   </div>
   <div class='ocr_carea' id='block_1_4' title="bbox 356 1147 2034 2742">
    <p class='ocr_par' dir='ltr' id='par_1_4' title="bbox 356 1147 2034 2742">
     <span class='ocr_line' id='line_1_10' title="bbox 372 1147 2023 1247; baseline 0.001 -29"><span class='ocrx_word' id='word_1_94' title='bbox 372 1149 637 1247; x_wconf 85' lang='lat' dir='ltr'>praejudicinm</span> <span class='ocrx_word' id='word_1_95' title='bbox 664 1147 741 1221; x_wconf 85' lang='lat' dir='ltr'>fieri</span> <span class='ocrx_word' id='word_1_96' title='bbox 770 1147 918 1228; x_wconf 73' lang='lat' dir='ltr'>valeret.</span> <span class='ocrx_word' id='word_1_97' title='bbox 942 1147 1088 1246; x_wconf 85' lang='lat' dir='ltr'>Spectat</span> <span class='ocrx_word' id='word_1_98' title='bbox 1114 1149 1183 1220; x_wconf 91' lang='lat' dir='ltr'>huc</span> <span class='ocrx_word' id='word_1_99' title='bbox 1209 1151 1305 1221; x_wconf 89' lang='lat' dir='ltr'>inter</span> <span class='ocrx_word' id='word_1_100' title='bbox 1331 1150 1419 1221; x_wconf 89' lang='lat' dir='ltr'>alias</span> <span class='ocrx_word' id='word_1_101' title='bbox 1444 1149 1707 1224; x_wconf 83' lang='lat' dir='ltr'>saluberrimas</span> <span class='ocrx_word' id='word_1_102' title='bbox 1739 1149 1833 1246; x_wconf 87' lang='lat' dir='ltr'>loges</span> <span class='ocrx_word' id='word_1_103' title='bbox 1864 1148 1958 1220; x_wconf 89' lang='lat' dir='ltr'>hunc</span> <span class='ocrx_word' id='word_1_104' title='bbox 1988 1149 2023 1220; x_wconf 91' lang='lat' dir='ltr'>in</span> 
     </span>
     <span class='ocr_line' id='line_1_11' title="bbox 371 1245 2027 1347; baseline -0.002 -27"><span class='ocrx_word' id='word_1_105' title='bbox 371 1250 481 1320; x_wconf 86' lang='lat' dir='ltr'>tinem</span> <span class='ocrx_word' id='word_1_106' title='bbox 509 1249 636 1338; x_wconf 88' lang='lat' dir='ltr'>editas,</span> <span class='ocrx_word' id='word_1_107' title='bbox 661 1246 816 1319; x_wconf 86' lang='lat' dir='ltr'>famosos</span> <span class='ocrx_word' id='word_1_108' title='bbox 843 1245 904 1319; x_wconf 89' lang='lat' dir='ltr'>ille</span> <span class='ocrx_word' id='word_1_109' title='bbox 930 1251 1069 1321; x_wconf 78' lang='lat' dir='ltr'>titulus</span> <span class='ocrx_word' id='word_1_110' title='bbox 1093 1247 1247 1321; x_wconf 82' lang='lat' dir='ltr'>codicis.</span> <span class='ocrx_word' id='word_1_111' title='bbox 1274 1251 1356 1322; x_wconf 83' lang='lat' dir='ltr'>sine</span> <span class='ocrx_word' id='word_1_112' title='bbox 1379 1271 1492 1322; x_wconf 82' lang='lat' dir='ltr'>censu</span> <span class='ocrx_word' id='word_1_113' title='bbox 1509 1255 1567 1321; x_wconf 86' lang='lat' dir='ltr'>vet</span> <span class='ocrx_word' id='word_1_114' title='bbox 1585 1248 1924 1347; x_wconf 83' lang='lat' dir='ltr'>retiqnisfondnm</span> <span class='ocrx_word' id='word_1_115' title='bbox 1940 1269 2027 1319; x_wconf 86' lang='lat' dir='ltr'>corn·</span> 
     </span>
     <span class='ocr_line' id='line_1_12' title="bbox 368 1347 2028 1450; baseline 0.001 -34"><span class='ocrx_word' id='word_1_116' title='bbox 368 1349 505 1447; x_wconf 82' lang='lat' dir='ltr'>parari</span> <span class='ocrx_word' id='word_1_117' title='bbox 532 1369 607 1417; x_wconf 85' lang='lat' dir='ltr'>non</span> <span class='ocrx_word' id='word_1_118' title='bbox 628 1365 761 1446; x_wconf 78' lang='lat' dir='ltr'>posse;</span> <span class='ocrx_word' id='word_1_119' title='bbox 788 1359 916 1445; x_wconf 87' lang='lat' dir='ltr'>utpote</span> <span class='ocrx_word' id='word_1_120' title='bbox 941 1349 978 1420; x_wconf 90' lang='lat' dir='ltr'>in</span> <span class='ocrx_word' id='word_1_121' title='bbox 1006 1373 1091 1448; x_wconf 93' lang='lat' dir='ltr'>quo,</span> <span class='ocrx_word' id='word_1_122' title='bbox 1118 1361 1223 1447; x_wconf 88' lang='lat' dir='ltr'>prout</span> <span class='ocrx_word' id='word_1_123' title='bbox 1250 1347 1307 1421; x_wconf 85' lang='lat' dir='ltr'>vel</span> <span class='ocrx_word' id='word_1_124' title='bbox 1337 1354 1412 1450; x_wconf 87' lang='lat' dir='ltr'>ipsa</span> <span class='ocrx_word' id='word_1_125' title='bbox 1442 1347 1585 1421; x_wconf 84' lang='lat' dir='ltr'>rubrica</span> <span class='ocrx_word' id='word_1_126' title='bbox 1616 1369 1702 1418; x_wconf 82' lang='lat' dir='ltr'>nrox</span> <span class='ocrx_word' id='word_1_127' title='bbox 1725 1353 1868 1434; x_wconf 82' lang='lat' dir='ltr'>edocet,</span> <span class='ocrx_word' id='word_1_128' title='bbox 1897 1353 2028 1446; x_wconf 87' lang='lat' dir='ltr'>sapien·</span> 
     </span>
     <span class='ocr_line' id='line_1_13' title="bbox 375 1443 2026 1546; baseline 0.001 -29"><span class='ocrx_word' id='word_1_129' title='bbox 375 1449 517 1519; x_wconf 87' lang='lat' dir='ltr'>tissime</span> <span class='ocrx_word' id='word_1_130' title='bbox 543 1450 742 1546; x_wconf 82' lang='lat' dir='ltr'>provisum,</span> <span class='ocrx_word' id='word_1_131' title='bbox 770 1454 825 1518; x_wconf 88' lang='lat' dir='ltr'>ne&#39;</span> <span class='ocrx_word' id='word_1_132' title='bbox 842 1448 1018 1520; x_wconf 85' lang='lat' dir='ltr'>translato</span> <span class='ocrx_word' id='word_1_133' title='bbox 1044 1451 1080 1518; x_wconf 91' lang='lat' dir='ltr'>in</span> <span class='ocrx_word' id='word_1_134' title='bbox 1108 1451 1267 1520; x_wconf 88' lang='lat' dir='ltr'>alterum</span> <span class='ocrx_word' id='word_1_135' title='bbox 1296 1443 1423 1542; x_wconf 77' lang='lat' dir='ltr'>fundo,</span> <span class='ocrx_word' id='word_1_136' title='bbox 1449 1473 1578 1542; x_wconf 81' lang='lat' dir='ltr'>census</span> <span class='ocrx_word' id='word_1_137' title='bbox 1604 1451 1851 1546; x_wconf 89' lang='lat' dir='ltr'>censunmqoe</span> <span class='ocrx_word' id='word_1_138' title='bbox 1879 1447 2026 1546; x_wconf 87' lang='lat' dir='ltr'>reliqua,</span> 
     </span>
     <span class='ocr_line' id='line_1_14' title="bbox 373 1539 2026 1649; baseline -0.001 -30"><span class='ocrx_word' id='word_1_139' title='bbox 373 1545 433 1619; x_wconf 88' lang='lat' dir='ltr'>alii</span> <span class='ocrx_word' id='word_1_140' title='bbox 461 1548 571 1646; x_wconf 85' lang='lat' dir='ltr'>qnam</span> <span class='ocrx_word' id='word_1_141' title='bbox 598 1543 690 1620; x_wconf 79' lang='lat' dir='ltr'>noro</span> <span class='ocrx_word' id='word_1_142' title='bbox 716 1551 904 1647; x_wconf 87' lang='lat' dir='ltr'>possessori</span> <span class='ocrx_word' id='word_1_143' title='bbox 927 1542 1139 1640; x_wconf 82' lang='lat' dir='ltr'>incumbere</span> <span class='ocrx_word' id='word_1_144' title='bbox 1165 1539 1335 1638; x_wconf 87' lang='lat' dir='ltr'>debeant,</span> <span class='ocrx_word' id='word_1_145' title='bbox 1359 1551 1597 1649; x_wconf 84' lang='lat' dir='ltr'>quantumvis</span> <span class='ocrx_word' id='word_1_146' title='bbox 1625 1547 1697 1618; x_wconf 89' lang='lat' dir='ltr'>tale</span> <span class='ocrx_word' id='word_1_147' title='bbox 1714 1549 1803 1646; x_wconf 90' lang='lat' dir='ltr'>qnid</span> <span class='ocrx_word' id='word_1_148' title='bbox 1821 1547 1935 1647; x_wconf 87' lang='lat' dir='ltr'>pactis</span> <span class='ocrx_word' id='word_1_149' title='bbox 1951 1571 2026 1618; x_wconf 81' lang='lat' dir='ltr'>con·</span> 
     </span>
     <span class='ocr_line' id='line_1_15' title="bbox 372 1643 2028 1749; baseline 0.001 -31"><span class='ocrx_word' id='word_1_150' title='bbox 372 1645 600 1720; x_wconf 87' lang='lat' dir='ltr'>trahentium</span> <span class='ocrx_word' id='word_1_151' title='bbox 624 1643 734 1718; x_wconf 89' lang='lat' dir='ltr'>aliter</span> <span class='ocrx_word' id='word_1_152' title='bbox 760 1645 935 1746; x_wconf 84' lang='lat' dir='ltr'>placitum</span> <span class='ocrx_word' id='word_1_153' title='bbox 961 1649 1298 1746; x_wconf 80' lang='lat' dir='ltr'>deprehenderetur.</span> <span class='ocrx_word' id='word_1_154' title='bbox 1326 1648 1442 1749; x_wconf 83' lang='lat' dir='ltr'>Cujus</span> <span class='ocrx_word' id='word_1_155' title='bbox 1463 1648 1662 1722; x_wconf 69' lang='lat' dir='ltr'>sanctionis</span> <span class='ocrx_word' id='word_1_156' title='bbox 1688 1645 1970 1722; x_wconf 82' lang='lat' dir='ltr'>fundamentum</span> <span class='ocrx_word' id='word_1_157' title='bbox 1987 1646 2028 1718; x_wconf 85' lang='lat' dir='ltr'>si·</span> 
     </span>
     <span class='ocr_line' id='line_1_16' title="bbox 370 1743 2028 1849; baseline -0.001 -32"><span class='ocrx_word' id='word_1_158' title='bbox 370 1769 419 1818; x_wconf 88' lang='lat' dir='ltr'>ne</span> <span class='ocrx_word' id='word_1_159' title='bbox 444 1743 556 1818; x_wconf 88' lang='lat' dir='ltr'>dubio</span> <span class='ocrx_word' id='word_1_160' title='bbox 584 1771 653 1818; x_wconf 90' lang='lat' dir='ltr'>uon</span> <span class='ocrx_word' id='word_1_161' title='bbox 680 1750 721 1818; x_wconf 91' lang='lat' dir='ltr'>in</span> <span class='ocrx_word' id='word_1_162' title='bbox 747 1745 841 1818; x_wconf 89' lang='lat' dir='ltr'>nuda</span> <span class='ocrx_word' id='word_1_163' title='bbox 869 1747 1025 1849; x_wconf 89' lang='lat' dir='ltr'>quadam</span> <span class='ocrx_word' id='word_1_164' title='bbox 1049 1752 1233 1849; x_wconf 83' lang='lat' dir='ltr'>aequitate</span> <span class='ocrx_word' id='word_1_165' title='bbox 1258 1751 1440 1838; x_wconf 78' lang='lat' dir='ltr'>consistit3</span> <span class='ocrx_word' id='word_1_166' title='bbox 1463 1747 1563 1849; x_wconf 91' lang='lat' dir='ltr'>qnod</span> <span class='ocrx_word' id='word_1_167' title='bbox 1588 1748 1729 1817; x_wconf 87' lang='lat' dir='ltr'>scilicet</span> <span class='ocrx_word' id='word_1_168' title='bbox 1756 1747 1844 1820; x_wconf 87' lang='lat' dir='ltr'>haec</span> <span class='ocrx_word' id='word_1_169' title='bbox 1870 1769 2028 1844; x_wconf 75' lang='lat' dir='ltr'>exposce·</span> 
     </span>
     <span class='ocr_line' id='line_1_17' title="bbox 372 1845 2025 1946; baseline -0.001 -28"><span class='ocrx_word' id='word_1_170' title='bbox 372 1868 412 1918; x_wconf 87' lang='lat' dir='ltr'>rs</span> <span class='ocrx_word' id='word_1_171' title='bbox 439 1845 617 1937; x_wconf 82' lang='lat' dir='ltr'>rideatur,</span> <span class='ocrx_word' id='word_1_172' title='bbox 643 1858 683 1916; x_wconf 90' lang='lat' dir='ltr'>ut</span> <span class='ocrx_word' id='word_1_173' title='bbox 708 1848 759 1936; x_wconf 90' lang='lat' dir='ltr'>is,</span> <span class='ocrx_word' id='word_1_174' title='bbox 784 1849 847 1946; x_wconf 93' lang='lat' dir='ltr'>qui</span> <span class='ocrx_word' id='word_1_175' title='bbox 875 1873 894 1918; x_wconf 92' lang='lat' dir='ltr'>e</span> <span class='ocrx_word' id='word_1_176' title='bbox 921 1873 959 1920; x_wconf 90' lang='lat' dir='ltr'>re</span> <span class='ocrx_word' id='word_1_177' title='bbox 986 1847 1081 1920; x_wconf 91' lang='lat' dir='ltr'>lncra</span> <span class='ocrx_word' id='word_1_178' title='bbox 1109 1862 1143 1918; x_wconf 90' lang='lat' dir='ltr'>et</span> <span class='ocrx_word' id='word_1_179' title='bbox 1171 1847 1309 1920; x_wconf 82' lang='lat' dir='ltr'>fructus</span> <span class='ocrx_word' id='word_1_180' title='bbox 1335 1847 1467 1936; x_wconf 88' lang='lat' dir='ltr'>hausit,</span> <span class='ocrx_word' id='word_1_181' title='bbox 1485 1853 1522 1920; x_wconf 89' lang='lat' dir='ltr'>in</span> <span class='ocrx_word' id='word_1_182' title='bbox 1550 1849 1884 1946; x_wconf 78' lang='lat' dir='ltr'>compensationem</span> <span class='ocrx_word' id='word_1_183' title='bbox 1904 1846 2025 1917; x_wconf 90' lang='lat' dir='ltr'>horum</span> 
     </span>
     <span class='ocr_line' id='line_1_18' title="bbox 373 1941 2032 2050; baseline 0 -34"><span class='ocrx_word' id='word_1_184' title='bbox 373 1947 486 2018; x_wconf 88' lang='lat' dir='ltr'>etiam</span> <span class='ocrx_word' id='word_1_185' title='bbox 513 1941 675 2044; x_wconf 88' lang='lat' dir='ltr'>publicus</span> <span class='ocrx_word' id='word_1_186' title='bbox 702 1944 917 2040; x_wconf 85' lang='lat' dir='ltr'>sanctiones,</span> <span class='ocrx_word' id='word_1_187' title='bbox 944 1961 1135 2050; x_wconf 90' lang='lat' dir='ltr'>tamqnam</span> <span class='ocrx_word' id='word_1_188' title='bbox 1164 1946 1346 2019; x_wconf 86' lang='lat' dir='ltr'>fructuum</span> <span class='ocrx_word' id='word_1_189' title='bbox 1366 1969 1473 2019; x_wconf 88' lang='lat' dir='ltr'>onera</span> <span class='ocrx_word' id='word_1_190' title='bbox 1494 1944 1665 2045; x_wconf 85' lang='lat' dir='ltr'>perferat,</span> <span class='ocrx_word' id='word_1_191' title='bbox 1682 1944 1769 2015; x_wconf 71' lang='lat' dir='ltr'>llaec</span> <span class='ocrx_word' id='word_1_192' title='bbox 1786 1945 1923 2016; x_wconf 88' lang='lat' dir='ltr'>etenim</span> <span class='ocrx_word' id='word_1_193' title='bbox 1942 1947 2032 2016; x_wconf 84' lang='lat' dir='ltr'>ratio</span> 
     </span>
     <span class='ocr_line' id='line_1_19' title="bbox 371 2040 2030 2146; baseline -0.001 -30"><span class='ocrx_word' id='word_1_194' title='bbox 371 2044 450 2118; x_wconf 85' lang='lat' dir='ltr'>sola</span> <span class='ocrx_word' id='word_1_195' title='bbox 475 2068 578 2142; x_wconf 88' lang='lat' dir='ltr'>aegre</span> <span class='ocrx_word' id='word_1_196' title='bbox 603 2045 650 2119; x_wconf 91' lang='lat' dir='ltr'>ad</span> <span class='ocrx_word' id='word_1_197' title='bbox 677 2045 817 2144; x_wconf 88' lang='lat' dir='ltr'>reliqua</span> <span class='ocrx_word' id='word_1_198' title='bbox 842 2048 1042 2143; x_wconf 79' lang='lat' dir='ltr'>¹etiam&#39;sco</span> <span class='ocrx_word' id='word_1_199' title='bbox 1069 2040 1474 2146; x_wconf 64' lang='lat' dir='ltr'>restantes&#39;pensiones,</span> <span class='ocrx_word' id='word_1_200' title='bbox 1501 2059 1623 2144; x_wconf 88' lang='lat' dir='ltr'>utpote</span> <span class='ocrx_word' id='word_1_201' title='bbox 1660 2071 1678 2118; x_wconf 90' lang='lat' dir='ltr'>a</span> <span class='ocrx_word' id='word_1_202' title='bbox 1716 2069 1810 2116; x_wconf 82' lang='lat' dir='ltr'>rtovo</span> <span class='ocrx_word' id='word_1_203' title='bbox 1844 2068 2030 2143; x_wconf 84' lang='lat' dir='ltr'>possessore</span> 
     </span>
     <span class='ocr_line' id='line_1_20' title="bbox 374 2139 2028 2244; baseline -0.001 -29"><span class='ocrx_word' id='word_1_204' title='bbox 374 2167 451 2218; x_wconf 88' lang='lat' dir='ltr'>nou</span> <span class='ocrx_word' id='word_1_205' title='bbox 479 2147 601 2215; x_wconf 90' lang='lat' dir='ltr'>minos</span> <span class='ocrx_word' id='word_1_206' title='bbox 627 2145 834 2238; x_wconf 83' lang='lat' dir='ltr'>exigendas,</span> <span class='ocrx_word' id='word_1_207' title='bbox 859 2147 1063 2243; x_wconf 78' lang='lat' dir='ltr'>quadraret.</span> <span class='ocrx_word' id='word_1_208' title='bbox 1098 2145 1192 2216; x_wconf 87' lang='lat' dir='ltr'>Hinc</span> <span class='ocrx_word' id='word_1_209' title='bbox 1220 2139 1336 2244; x_wconf 91' lang='lat' dir='ltr'>potios</span> <span class='ocrx_word' id='word_1_210' title='bbox 1362 2160 1398 2218; x_wconf 89' lang='lat' dir='ltr'>et</span> <span class='ocrx_word' id='word_1_211' title='bbox 1416 2145 1547 2220; x_wconf 87' lang='lat' dir='ltr'>harum</span> <span class='ocrx_word' id='word_1_212' title='bbox 1578 2143 1699 2241; x_wconf 89' lang='lat' dir='ltr'>legum</span> <span class='ocrx_word' id='word_1_213' title='bbox 1726 2147 1941 2243; x_wconf 89' lang='lat' dir='ltr'>praecipuus</span> <span class='ocrx_word' id='word_1_214' title='bbox 1962 2168 2028 2216; x_wconf 87' lang='lat' dir='ltr'>sco·</span> 
     </span>
     <span class='ocr_line' id='line_1_21' title="bbox 356 2241 2030 2342; baseline 0.001 -30"><span class='ocrx_word' id='word_1_215' title='bbox 356 2251 359 2256; x_wconf 87' lang='lat'>&#39;</span> <span class='ocrx_word' id='word_1_216' title='bbox 402 2265 442 2313; x_wconf 91' lang='lat' dir='ltr'>us</span> <span class='ocrx_word' id='word_1_217' title='bbox 468 2243 505 2312; x_wconf 93' lang='lat' dir='ltr'>in</span> <span class='ocrx_word' id='word_1_218' title='bbox 532 2249 723 2313; x_wconf 85' lang='lat' dir='ltr'>securitate</span> <span class='ocrx_word' id='word_1_219' title='bbox 749 2241 839 2332; x_wconf 84' lang='lat' dir='ltr'>fisci,</span> <span class='ocrx_word' id='word_1_220' title='bbox 867 2241 1088 2322; x_wconf 87' lang='lat' dir='ltr'>tributorum</span> <span class='ocrx_word' id='word_1_221' title='bbox 1116 2246 1265 2334; x_wconf 90' lang='lat' dir='ltr'>intuitu,</span> <span class='ocrx_word' id='word_1_222' title='bbox 1292 2248 1428 2342; x_wconf 89' lang='lat' dir='ltr'>positus</span> <span class='ocrx_word' id='word_1_223' title='bbox 1454 2244 1560 2316; x_wconf 87' lang='lat' dir='ltr'>luisse</span> <span class='ocrx_word' id='word_1_224' title='bbox 1588 2246 1749 2318; x_wconf 80' lang='lat' dir='ltr'>videtur:</span> <span class='ocrx_word' id='word_1_225' title='bbox 1784 2268 1831 2314; x_wconf 91' lang='lat' dir='ltr'>ne</span> <span class='ocrx_word' id='word_1_226' title='bbox 1866 2243 2030 2316; x_wconf 84' lang='lat' dir='ltr'>videlicet</span> 
     </span>
     <span class='ocr_line' id='line_1_22' title="bbox 360 2269 2030 2441; baseline -0.001 -27"><span class='ocrx_word' id='word_1_227' title='bbox 360 2269 436 2418; x_wconf 80' lang='lat' dir='ltr'>&#39;bic</span> <span class='ocrx_word' id='word_1_228' title='bbox 462 2341 548 2439; x_wconf 90' lang='lat' dir='ltr'>ipse,</span> <span class='ocrx_word' id='word_1_229' title='bbox 574 2341 602 2410; x_wconf 90' lang='lat' dir='ltr'>si</span> <span class='ocrx_word' id='word_1_230' title='bbox 630 2363 770 2420; x_wconf 85' lang='lat' dir='ltr'>necesse</span> <span class='ocrx_word' id='word_1_231' title='bbox 795 2339 957 2434; x_wconf 86' lang='lat' dir='ltr'>haberet,</span> <span class='ocrx_word' id='word_1_232' title='bbox 983 2344 1022 2424; x_wconf 88' lang='lat' dir='ltr'>in</span> <span class='ocrx_word' id='word_1_233' title='bbox 1048 2345 1233 2438; x_wconf 83' lang='lat' dir='ltr'>exigendis</span> <span class='ocrx_word' id='word_1_234' title='bbox 1258 2344 1426 2416; x_wconf 88' lang='lat' dir='ltr'>censibus</span> <span class='ocrx_word' id='word_1_235' title='bbox 1449 2367 1533 2415; x_wconf 90' lang='lat' dir='ltr'>eum</span> <span class='ocrx_word' id='word_1_236' title='bbox 1561 2345 1678 2416; x_wconf 90' lang='lat' dir='ltr'>solnm</span> <span class='ocrx_word' id='word_1_237' title='bbox 1707 2350 1835 2441; x_wconf 87' lang='lat' dir='ltr'>sequi,</span> <span class='ocrx_word' id='word_1_238' title='bbox 1861 2369 1932 2440; x_wconf 92' lang='lat' dir='ltr'>quo</span> <span class='ocrx_word' id='word_1_239' title='bbox 1959 2366 2030 2440; x_wconf 87' lang='lat' dir='ltr'>pos·</span> 
     </span>
     <span class='ocr_line' id='line_1_23' title="bbox 377 2438 2033 2542; baseline -0.002 -28"><span class='ocrx_word' id='word_1_240' title='bbox 377 2441 519 2514; x_wconf 83' lang='lat' dir='ltr'>sidente</span> <span class='ocrx_word' id='word_1_241' title='bbox 545 2439 754 2512; x_wconf 88' lang='lat' dir='ltr'>eorumdem</span> <span class='ocrx_word' id='word_1_242' title='bbox 781 2438 856 2510; x_wconf 90' lang='lat' dir='ltr'>dies</span> <span class='ocrx_word' id='word_1_243' title='bbox 882 2445 1054 2531; x_wconf 89' lang='lat' dir='ltr'>cessisset,</span> <span class='ocrx_word' id='word_1_244' title='bbox 1081 2443 1146 2514; x_wconf 88' lang='lat' dir='ltr'>hoc</span> <span class='ocrx_word' id='word_1_245' title='bbox 1173 2442 1265 2514; x_wconf 80' lang='lat' dir='ltr'>forte</span> <span class='ocrx_word' id='word_1_246' title='bbox 1297 2443 1530 2542; x_wconf 85' lang='lat' dir='ltr'>postmodum</span> <span class='ocrx_word' id='word_1_247' title='bbox 1566 2443 1610 2515; x_wconf 84' lang='lat' dir='ltr'>ad</span> <span class='ocrx_word' id='word_1_248' title='bbox 1644 2456 1840 2540; x_wconf 78' lang='lat' dir='ltr'>egestatem</span> <span class='ocrx_word' id='word_1_249' title='bbox 1876 2443 2033 2528; x_wconf 89' lang='lat' dir='ltr'>redacto,</span> 
     </span>
     <span class='ocr_line' id='line_1_24' title="bbox 378 2540 2034 2643; baseline -0.002 -28"><span class='ocrx_word' id='word_1_250' title='bbox 378 2543 525 2614; x_wconf 87' lang='lat' dir='ltr'>inanem</span> <span class='ocrx_word' id='word_1_251' title='bbox 552 2542 775 2640; x_wconf 80' lang='lat' dir='ltr'>experiretur</span> <span class='ocrx_word' id='word_1_252' title='bbox 802 2543 1008 2616; x_wconf 88' lang='lat' dir='ltr'>actionem:</span> <span class='ocrx_word' id='word_1_253' title='bbox 1031 2543 1094 2614; x_wconf 87' lang='lat' dir='ltr'>sed</span> <span class='ocrx_word' id='word_1_254' title='bbox 1146 2546 1242 2615; x_wconf 90' lang='lat' dir='ltr'>otios</span> <span class='ocrx_word' id='word_1_255' title='bbox 1268 2543 1306 2612; x_wconf 91' lang='lat' dir='ltr'>in</span> <span class='ocrx_word' id='word_1_256' title='bbox 1332 2543 1409 2643; x_wconf 87' lang='lat' dir='ltr'>ipso</span> <span class='ocrx_word' id='word_1_257' title='bbox 1449 2540 1560 2615; x_wconf 88' lang='lat' dir='ltr'>londo</span> <span class='ocrx_word' id='word_1_258' title='bbox 1595 2546 1648 2643; x_wconf 78' lang='lat' dir='ltr'>jus</span> <span class='ocrx_word' id='word_1_259' title='bbox 1682 2545 1886 2614; x_wconf 87' lang='lat' dir='ltr'>radicatum</span> <span class='ocrx_word' id='word_1_260' title='bbox 1918 2543 2034 2641; x_wconf 83' lang='lat' dir='ltr'>magis·</span> 
     </span>
     <span class='ocr_line' id='line_1_25' title="bbox 378 2569 2033 2742; baseline -0.002 -29"><span class='ocrx_word' id='word_1_261' title='bbox 378 2663 449 2742; x_wconf 87' lang='lat' dir='ltr'>qne</span> <span class='ocrx_word' id='word_1_262' title='bbox 474 2637 602 2711; x_wconf 83' lang='lat' dir='ltr'>stabile</span> <span class='ocrx_word' id='word_1_263' title='bbox 630 2637 796 2729; x_wconf 87' lang='lat' dir='ltr'>haberet,</span> <span class='ocrx_word' id='word_1_264' title='bbox 823 2642 860 2712; x_wconf 87' lang='lat' dir='ltr'>vi</span> <span class='ocrx_word' id='word_1_265' title='bbox 885 2645 986 2740; x_wconf 79' lang='lat' dir='ltr'>cujus</span> <span class='ocrx_word' id='word_1_266' title='bbox 1012 2569 1216 2740; x_wconf 80' lang='lat' dir='ltr'>querniibet</span> <span class='ocrx_word' id='word_1_267' title='bbox 1243 2645 1379 2716; x_wconf 78' lang='lat' dir='ltr'>sautum</span> <span class='ocrx_word' id='word_1_268' title='bbox 1404 2667 1657 2742; x_wconf 86' lang='lat' dir='ltr'>possessorem,</span> <span class='ocrx_word' id='word_1_269' title='bbox 1685 2669 1755 2714; x_wconf 91' lang='lat' dir='ltr'>uon</span> <span class='ocrx_word' id='word_1_270' title='bbox 1773 2666 1953 2714; x_wconf 86' lang='lat' dir='ltr'>censuum</span> <span class='ocrx_word' id='word_1_271' title='bbox 1969 2638 2033 2713; x_wconf 60' lang='lat' dir='ltr'>salss</span> 
     </span>
    </p>
   </div>
   <div class='ocr_carea' id='block_1_5' title="bbox 380 2737 2033 2912">
    <p class='ocr_par' dir='ltr' id='par_1_5' title="bbox 380 2737 2033 2912">
     <span class='ocr_line' id='line_1_26' title="bbox 380 2737 2033 2842; baseline -0.001 -31"><span class='ocrx_word' id='word_1_272' title='bbox 380 2755 456 2817; x_wconf 91' lang='lat' dir='ltr'>teru</span> <span class='ocrx_word' id='word_1_273' title='bbox 485 2745 725 2840; x_wconf 88' lang='lat' dir='ltr'>praesentium</span> <span class='ocrx_word' id='word_1_274' title='bbox 751 2750 788 2808; x_wconf 90' lang='lat' dir='ltr'>et</span> <span class='ocrx_word' id='word_1_275' title='bbox 814 2737 1032 2832; x_wconf 84' lang='lat' dir='ltr'>futurorum,</span> <span class='ocrx_word' id='word_1_276' title='bbox 1057 2739 1118 2812; x_wconf 89' lang='lat' dir='ltr'>sed</span> <span class='ocrx_word' id='word_1_277' title='bbox 1144 2743 1420 2842; x_wconf 87' lang='lat' dir='ltr'>praeteritorum</span> <span class='ocrx_word' id='word_1_278' title='bbox 1449 2765 1589 2840; x_wconf 88' lang='lat' dir='ltr'>quoque</span> <span class='ocrx_word' id='word_1_279' title='bbox 1622 2766 1685 2813; x_wconf 89' lang='lat' dir='ltr'>sen</span> <span class='ocrx_word' id='word_1_280' title='bbox 1722 2740 1949 2839; x_wconf 84' lang='lat' dir='ltr'>reliquorum</span> <span class='ocrx_word' id='word_1_281' title='bbox 1980 2765 2033 2811; x_wconf 81' lang='lat' dir='ltr'>no</span> 
     </span>
     <span class='ocr_line' id='line_1_27' title="bbox 381 2837 886 2912; baseline -0.004 0"><span class='ocrx_word' id='word_1_282' title='bbox 381 2841 482 2912; x_wconf 87' lang='lat' dir='ltr'>mine</span> <span class='ocrx_word' id='word_1_283' title='bbox 508 2841 704 2910; x_wconf 83' lang='lat' dir='ltr'>convenire</span> <span class='ocrx_word' id='word_1_284' title='bbox 729 2837 886 2912; x_wconf 85' lang='lat' dir='ltr'>valeret.</span> 
     </span>
    </p>
   </div>
   <div class='ocr_carea' id='block_1_6' title="bbox 387 2935 2034 3040">
    <p class='ocr_par' dir='ltr' id='par_1_6' title="bbox 387 2935 2034 3040">
     <span class='ocr_line' id='line_1_28' title="bbox 387 2935 2034 3040; baseline -0.001 -32"><span class='ocrx_word' id='word_1_285' title='bbox 387 2953 392 2958; x_wconf 72' lang='grc'><strong><em>“</em></strong></span> <span class='ocrx_word' id='word_1_286' title='bbox 497 2935 690 3010; x_wconf 85' lang='lat' dir='ltr'>Caeterum</span> <span class='ocrx_word' id='word_1_287' title='bbox 718 2961 801 3009; x_wconf 88' lang='lat' dir='ltr'>cnm</span> <span class='ocrx_word' id='word_1_288' title='bbox 828 2952 864 3011; x_wconf 91' lang='lat' dir='ltr'>et</span> <span class='ocrx_word' id='word_1_289' title='bbox 891 2942 1110 3039; x_wconf 88' lang='lat' dir='ltr'>praestantia</span> <span class='ocrx_word' id='word_1_290' title='bbox 1136 2951 1172 3012; x_wconf 92' lang='lat' dir='ltr'>et</span> <span class='ocrx_word' id='word_1_291' title='bbox 1200 2965 1284 3014; x_wconf 81' lang='lat' dir='ltr'>trans</span> <span class='ocrx_word' id='word_1_292' title='bbox 1311 2939 1545 3040; x_wconf 76' lang='lat' dir='ltr'>perfrequens</span> <span class='ocrx_word' id='word_1_293' title='bbox 1579 2939 1755 3012; x_wconf 89' lang='lat' dir='ltr'>materiae</span> <span class='ocrx_word' id='word_1_294' title='bbox 1786 2937 1968 3013; x_wconf 88' lang='lat' dir='ltr'>censualis</span> <span class='ocrx_word' id='word_1_295' title='bbox 1995 2959 2034 3007; x_wconf 87' lang='lat' dir='ltr'>ex</span> 
     </span>
    </p>
   </div>
   <div class='ocr_carea' id='block_1_7' title="bbox 382 3035 2035 3338">
    <p class='ocr_par' dir='ltr' id='par_1_7' title="bbox 382 3035 2035 3338">
     <span class='ocr_line' id='line_1_29' title="bbox 384 3035 2035 3140; baseline -0.004 -27"><span class='ocrx_word' id='word_1_296' title='bbox 384 3035 575 3113; x_wconf 89' lang='lat' dir='ltr'>antedictis</span> <span class='ocrx_word' id='word_1_297' title='bbox 599 3035 742 3112; x_wconf 89' lang='lat' dir='ltr'>abunde</span> <span class='ocrx_word' id='word_1_298' title='bbox 768 3050 908 3136; x_wconf 90' lang='lat' dir='ltr'>pateat,</span> <span class='ocrx_word' id='word_1_299' title='bbox 932 3040 1059 3112; x_wconf 89' lang='lat' dir='ltr'>eadem</span> <span class='ocrx_word' id='word_1_300' title='bbox 1086 3063 1227 3140; x_wconf 89' lang='lat' dir='ltr'>quoqne</span> <span class='ocrx_word' id='word_1_301' title='bbox 1266 3041 1376 3131; x_wconf 89' lang='lat' dir='ltr'>mihi,</span> <span class='ocrx_word' id='word_1_302' title='bbox 1421 3039 1669 3139; x_wconf 87' lang='lat' dir='ltr'>disputatione</span> <span class='ocrx_word' id='word_1_303' title='bbox 1714 3039 1868 3113; x_wconf 83' lang='lat' dir='ltr'>&#39;uridica</span> <span class='ocrx_word' id='word_1_304' title='bbox 1912 3041 2035 3116; x_wconf 82' lang='lat' dir='ltr'>sirium</span> 
     </span>
     <span class='ocr_line' id='line_1_30' title="bbox 382 3065 2034 3239; baseline -0.001 -29"><span class='ocrx_word' id='word_1_305' title='bbox 382 3136 682 3239; x_wconf 84' lang='lat' dir='ltr'>prolectunmque</span> <span class='ocrx_word' id='word_1_306' title='bbox 708 3138 908 3237; x_wconf 87' lang='lat' dir='ltr'>pericnlum</span> <span class='ocrx_word' id='word_1_307' title='bbox 936 3137 1079 3238; x_wconf 90' lang='lat' dir='ltr'>publice</span> <span class='ocrx_word' id='word_1_308' title='bbox 1106 3137 1266 3231; x_wconf 86' lang='lat' dir='ltr'>facturo,</span> <span class='ocrx_word' id='word_1_309' title='bbox 1292 3163 1378 3238; x_wconf 86' lang='lat' dir='ltr'>prae</span> <span class='ocrx_word' id='word_1_310' title='bbox 1403 3138 1484 3211; x_wconf 89' lang='lat' dir='ltr'>aliis</span> <span class='ocrx_word' id='word_1_311' title='bbox 1516 3140 1654 3211; x_wconf 85' lang='lat' dir='ltr'>arrisit.</span> <span class='ocrx_word' id='word_1_312' title='bbox 1697 3065 1884 3230; x_wconf 63' lang='lat' dir='ltr'>(incanam</span> <span class='ocrx_word' id='word_1_313' title='bbox 1924 3150 2034 3211; x_wconf 85' lang='lat' dir='ltr'>autem</span> 
     </span>
     <span class='ocr_line' id='line_1_31' title="bbox 382 3235 2034 3338; baseline -0.001 -29"><span class='ocrx_word' id='word_1_314' title='bbox 382 3252 499 3310; x_wconf 88' lang='lat' dir='ltr'>totam</span> <span class='ocrx_word' id='word_1_315' title='bbox 525 3259 697 3310; x_wconf 87' lang='lat' dir='ltr'>censuum</span> <span class='ocrx_word' id='word_1_316' title='bbox 726 3241 915 3310; x_wconf 88' lang='lat' dir='ltr'>materiam</span> <span class='ocrx_word' id='word_1_317' title='bbox 943 3237 1168 3312; x_wconf 90' lang='lat' dir='ltr'>tractandam</span> <span class='ocrx_word' id='word_1_318' title='bbox 1196 3241 1235 3310; x_wconf 92' lang='lat' dir='ltr'>in</span> <span class='ocrx_word' id='word_1_319' title='bbox 1262 3262 1320 3310; x_wconf 91' lang='lat' dir='ltr'>me</span> <span class='ocrx_word' id='word_1_320' title='bbox 1344 3240 1523 3338; x_wconf 88' lang='lat' dir='ltr'>suscipere</span> <span class='ocrx_word' id='word_1_321' title='bbox 1548 3235 1732 3337; x_wconf 90' lang='lat' dir='ltr'>prohibuit</span> <span class='ocrx_word' id='word_1_322' title='bbox 1758 3253 1795 3310; x_wconf 88' lang='lat' dir='ltr'>et</span> <span class='ocrx_word' id='word_1_323' title='bbox 1830 3242 1883 3311; x_wconf 88' lang='lat' dir='ltr'>rei</span> <span class='ocrx_word' id='word_1_324' title='bbox 1916 3235 2034 3336; x_wconf 86' lang='lat' dir='ltr'>ampli·</span> 
     </span>
    </p>
   </div>
   <div class='ocr_carea' id='block_1_8' title="bbox 382 3335 2144 3436">
    <p class='ocr_par' dir='ltr' id='par_1_8' title="bbox 382 3335 2144 3436">
     <span class='ocr_line' id='line_1_32' title="bbox 382 3335 2144 3436; baseline 0 -28"><span class='ocrx_word' id='word_1_325' title='bbox 382 3339 486 3428; x_wconf 92' lang='lat' dir='ltr'>tudo,</span> <span class='ocrx_word' id='word_1_326' title='bbox 512 3349 680 3434; x_wconf 89' lang='lat' dir='ltr'>angustos</span> <span class='ocrx_word' id='word_1_327' title='bbox 704 3338 933 3408; x_wconf 87' lang='lat' dir='ltr'>academicae</span> <span class='ocrx_word' id='word_1_328' title='bbox 958 3339 1220 3410; x_wconf 89' lang='lat' dir='ltr'>dissertationis</span> <span class='ocrx_word' id='word_1_329' title='bbox 1246 3336 1423 3409; x_wconf 87' lang='lat' dir='ltr'>cancellos</span> <span class='ocrx_word' id='word_1_330' title='bbox 1450 3339 1673 3436; x_wconf 87' lang='lat' dir='ltr'>respuentis,</span> <span class='ocrx_word' id='word_1_331' title='bbox 1705 3349 1741 3408; x_wconf 92' lang='lat' dir='ltr'>et</span> <span class='ocrx_word' id='word_1_332' title='bbox 1772 3335 1932 3410; x_wconf 86' lang='lat' dir='ltr'>allorum</span> <span class='ocrx_word' id='word_1_333' title='bbox 1969 3361 2035 3408; x_wconf 84' lang='lat' dir='ltr'>ma·</span> <span class='ocrx_word' id='word_1_334' title='bbox 2143 3379 2144 3394; x_wconf 74' lang='lat'>.</span> 
     </span>
    </p>
   </div>
   <div class='ocr_carea' id='block_1_9' title="bbox 379 3435 2104 5534">
    <p class='ocr_par' dir='ltr' id='par_1_9' title="bbox 379 3435 2104 5534">
     <span class='ocr_line' id='line_1_33' title="bbox 383 3435 2032 3538; baseline -0.001 -31"><span class='ocrx_word' id='word_1_335' title='bbox 383 3459 612 3534; x_wconf 88' lang='lat' dir='ltr'>gnorumque</span> <span class='ocrx_word' id='word_1_336' title='bbox 638 3439 798 3509; x_wconf 84' lang='lat' dir='ltr'>virorum</span> <span class='ocrx_word' id='word_1_337' title='bbox 825 3437 891 3508; x_wconf 91' lang='lat' dir='ltr'>hac</span> <span class='ocrx_word' id='word_1_338' title='bbox 917 3443 956 3508; x_wconf 91' lang='lat' dir='ltr'>in</span> <span class='ocrx_word' id='word_1_339' title='bbox 983 3449 1084 3535; x_wconf 88' lang='lat' dir='ltr'>parte</span> <span class='ocrx_word' id='word_1_340' title='bbox 1110 3437 1326 3538; x_wconf 83' lang='lat' dir='ltr'>jamdudum</span> <span class='ocrx_word' id='word_1_341' title='bbox 1353 3451 1536 3535; x_wconf 86' lang='lat' dir='ltr'>susceptus</span> <span class='ocrx_word' id='word_1_342' title='bbox 1560 3435 1832 3534; x_wconf 82' lang='lat' dir='ltr'>exhaustosque</span> <span class='ocrx_word' id='word_1_343' title='bbox 1851 3437 1963 3525; x_wconf 90' lang='lat' dir='ltr'>labor,</span> <span class='ocrx_word' id='word_1_344' title='bbox 1977 3435 2032 3533; x_wconf 90' lang='lat' dir='ltr'>qui</span> 
     </span>
     <span class='ocr_line' id='line_1_34' title="bbox 382 3531 2034 3636; baseline -0.002 -28"><span class='ocrx_word' id='word_1_345' title='bbox 382 3534 477 3608; x_wconf 87' lang='lat' dir='ltr'>nihil</span> <span class='ocrx_word' id='word_1_346' title='bbox 504 3535 595 3607; x_wconf 83' lang='lat' dir='ltr'>milri</span> <span class='ocrx_word' id='word_1_347' title='bbox 619 3535 660 3606; x_wconf 92' lang='lat' dir='ltr'>in</span> <span class='ocrx_word' id='word_1_348' title='bbox 685 3531 752 3605; x_wconf 90' lang='lat' dir='ltr'>hoc</span> <span class='ocrx_word' id='word_1_349' title='bbox 778 3536 894 3608; x_wconf 90' lang='lat' dir='ltr'>stadio</span> <span class='ocrx_word' id='word_1_350' title='bbox 922 3535 993 3606; x_wconf 86' lang='lat' dir='ltr'>sere</span> <span class='ocrx_word' id='word_1_351' title='bbox 1020 3537 1203 3636; x_wconf 89' lang='lat' dir='ltr'>reliquum</span> <span class='ocrx_word' id='word_1_352' title='bbox 1232 3535 1358 3626; x_wconf 84' lang='lat' dir='ltr'>fecere,</span> <span class='ocrx_word' id='word_1_353' title='bbox 1382 3548 1419 3607; x_wconf 89' lang='lat' dir='ltr'>et</span> <span class='ocrx_word' id='word_1_354' title='bbox 1446 3547 1523 3634; x_wconf 90' lang='lat' dir='ltr'>post</span> <span class='ocrx_word' id='word_1_355' title='bbox 1550 3557 1639 3632; x_wconf 89' lang='lat' dir='ltr'>qnos</span> <span class='ocrx_word' id='word_1_356' title='bbox 1681 3531 1727 3605; x_wconf 91' lang='lat' dir='ltr'>de</span> <span class='ocrx_word' id='word_1_357' title='bbox 1763 3533 2034 3608; x_wconf 89' lang='lat' dir='ltr'>contributioni·</span> 
     </span>
     <span class='ocr_line' id='line_1_35' title="bbox 382 3631 2035 3734; baseline -0.001 -28"><span class='ocrx_word' id='word_1_358' title='bbox 382 3631 449 3706; x_wconf 92' lang='lat' dir='ltr'>bus</span> <span class='ocrx_word' id='word_1_359' title='bbox 473 3631 629 3706; x_wconf 88' lang='lat' dir='ltr'>scribere</span> <span class='ocrx_word' id='word_1_360' title='bbox 654 3631 747 3706; x_wconf 81' lang='lat' dir='ltr'>velle</span> <span class='ocrx_word' id='word_1_361' title='bbox 773 3634 873 3706; x_wconf 90' lang='lat' dir='ltr'>idem</span> <span class='ocrx_word' id='word_1_362' title='bbox 899 3637 1121 3724; x_wconf 84' lang='lat' dir='ltr'>existimari,</span> <span class='ocrx_word' id='word_1_363' title='bbox 1148 3661 1188 3708; x_wconf 89' lang='lat' dir='ltr'>ac</span> <span class='ocrx_word' id='word_1_364' title='bbox 1214 3633 1366 3708; x_wconf 83' lang='lat' dir='ltr'>Iliadem</span> <span class='ocrx_word' id='word_1_365' title='bbox 1394 3649 1474 3734; x_wconf 86' lang='lat' dir='ltr'>post</span> <span class='ocrx_word' id='word_1_366' title='bbox 1499 3633 1698 3706; x_wconf 79' lang='lat' dir='ltr'>Homerum</span> <span class='ocrx_word' id='word_1_367' title='bbox 1724 3646 1931 3728; x_wconf 83' lang='lat' dir='ltr'>corrtexere3</span> <span class='ocrx_word' id='word_1_368' title='bbox 1959 3633 2035 3706; x_wconf 89' lang='lat' dir='ltr'>hinc</span> 
     </span>
     <span class='ocr_line' id='line_1_36' title="bbox 383 3731 2032 3834; baseline -0.002 -27"><span class='ocrx_word' id='word_1_369' title='bbox 383 3738 527 3807; x_wconf 88' lang='lat' dir='ltr'>unicam</span> <span class='ocrx_word' id='word_1_370' title='bbox 554 3731 684 3805; x_wconf 89' lang='lat' dir='ltr'>saltem</span> <span class='ocrx_word' id='word_1_371' title='bbox 710 3731 817 3833; x_wconf 87' lang='lat' dir='ltr'>hujus</span> <span class='ocrx_word' id='word_1_372' title='bbox 841 3733 1024 3826; x_wconf 81' lang='lat' dir='ltr'>doctrinae</span> <span class='ocrx_word' id='word_1_373' title='bbox 1048 3733 1268 3834; x_wconf 87' lang='lat' dir='ltr'>particulam</span> <span class='ocrx_word' id='word_1_374' title='bbox 1293 3731 1528 3808; x_wconf 82' lang='lat' dir='ltr'>delibandum</span> <span class='ocrx_word' id='word_1_375' title='bbox 1550 3733 1820 3833; x_wconf 76' lang='lat' dir='ltr'>mihi&#39;sumpsi:</span> <span class='ocrx_word' id='word_1_376' title='bbox 1839 3759 1919 3808; x_wconf 86' lang='lat' dir='ltr'>eum</span> <span class='ocrx_word' id='word_1_377' title='bbox 1940 3758 2032 3804; x_wconf 86' lang='lat' dir='ltr'>nem·</span> 
     </span>
     <span class='ocr_line' id='line_1_37' title="bbox 384 3831 2032 3935; baseline -0.001 -31"><span class='ocrx_word' id='word_1_378' title='bbox 384 3859 441 3935; x_wconf 89' lang='lat' dir='ltr'>pe,</span> <span class='ocrx_word' id='word_1_379' title='bbox 467 3855 580 3931; x_wconf 86' lang='lat' dir='ltr'>qnam</span> <span class='ocrx_word' id='word_1_380' title='bbox 606 3831 812 3932; x_wconf 89' lang='lat' dir='ltr'>praedictus</span> <span class='ocrx_word' id='word_1_381' title='bbox 836 3833 971 3909; x_wconf 91' lang='lat' dir='ltr'>codicis</span> <span class='ocrx_word' id='word_1_382' title='bbox 998 3837 1129 3908; x_wconf 91' lang='lat' dir='ltr'>titulus</span> <span class='ocrx_word' id='word_1_383' title='bbox 1155 3833 1315 3922; x_wconf 87' lang='lat' dir='ltr'>exhibet,</span> <span class='ocrx_word' id='word_1_384' title='bbox 1341 3833 1386 3904; x_wconf 89' lang='lat' dir='ltr'>de</span> <span class='ocrx_word' id='word_1_385' title='bbox 1411 3836 1784 3905; x_wconf 80' lang='lat' dir='ltr'>contraxitatecensus</span> <span class='ocrx_word' id='word_1_386' title='bbox 1809 3859 1895 3908; x_wconf 88' lang='lat' dir='ltr'>cnm</span> <span class='ocrx_word' id='word_1_387' title='bbox 1919 3833 2032 3918; x_wconf 79' lang='lat' dir='ltr'>luod03</span> 
     </span>
     <span class='ocr_line' id='line_1_38' title="bbox 383 3929 2036 4034; baseline -0.004 -27"><span class='ocrx_word' id='word_1_388' title='bbox 383 3945 510 4034; x_wconf 86' lang='lat' dir='ltr'>utpote</span> <span class='ocrx_word' id='word_1_389' title='bbox 534 3929 633 4029; x_wconf 91' lang='lat' dir='ltr'>quod</span> <span class='ocrx_word' id='word_1_390' title='bbox 658 3929 778 4005; x_wconf 87' lang='lat' dir='ltr'>thema</span> <span class='ocrx_word' id='word_1_391' title='bbox 806 3958 824 4005; x_wconf 88' lang='lat' dir='ltr'>a</span> <span class='ocrx_word' id='word_1_392' title='bbox 851 3933 1050 4032; x_wconf 89' lang='lat' dir='ltr'>plerisque,</span> <span class='ocrx_word' id='word_1_393' title='bbox 1076 3958 1164 4032; x_wconf 91' lang='lat' dir='ltr'>quos</span> <span class='ocrx_word' id='word_1_394' title='bbox 1199 3931 1350 4031; x_wconf 88' lang='lat' dir='ltr'>quidem</span> <span class='ocrx_word' id='word_1_395' title='bbox 1384 3933 1507 4004; x_wconf 87' lang='lat' dir='ltr'>ridere</span> <span class='ocrx_word' id='word_1_396' title='bbox 1538 3935 1723 4030; x_wconf 87' lang='lat' dir='ltr'>contigit,</span> <span class='ocrx_word' id='word_1_397' title='bbox 1751 3931 2036 4032; x_wconf 86' lang='lat' dir='ltr'>interpretibus,</span> 
     </span>
     <span class='ocr_line' id='line_1_39' title="bbox 383 4029 2036 4134; baseline -0.003 -29"><span class='ocrx_word' id='word_1_398' title='bbox 383 4031 607 4134; x_wconf 89' lang='lat' dir='ltr'>parciuscule</span> <span class='ocrx_word' id='word_1_399' title='bbox 631 4042 828 4107; x_wconf 87' lang='lat' dir='ltr'>tractatum</span> <span class='ocrx_word' id='word_1_400' title='bbox 855 4045 892 4104; x_wconf 91' lang='lat' dir='ltr'>et</span> <span class='ocrx_word' id='word_1_401' title='bbox 919 4032 1046 4104; x_wconf 88' lang='lat' dir='ltr'>leviori</span> <span class='ocrx_word' id='word_1_402' title='bbox 1071 4031 1202 4105; x_wconf 91' lang='lat' dir='ltr'>saltem</span> <span class='ocrx_word' id='word_1_403' title='bbox 1230 4029 1402 4132; x_wconf 89' lang='lat' dir='ltr'>penicillo</span> <span class='ocrx_word' id='word_1_404' title='bbox 1430 4043 1570 4103; x_wconf 88' lang='lat' dir='ltr'>tactum</span> <span class='ocrx_word' id='word_1_405' title='bbox 1599 4031 1842 4130; x_wconf 84' lang='lat' dir='ltr'>deprehendi.</span> <span class='ocrx_word' id='word_1_406' title='bbox 1879 4032 1937 4105; x_wconf 81' lang='lat' dir='ltr'>Ut</span> <span class='ocrx_word' id='word_1_407' title='bbox 1964 4053 2036 4103; x_wconf 83' lang='lat' dir='ltr'>vero</span> 
     </span>
     <span class='ocr_line' id='line_1_40' title="bbox 385 4129 2035 4232; baseline -0.004 -26"><span class='ocrx_word' id='word_1_408' title='bbox 385 4131 512 4206; x_wconf 88' lang='lat' dir='ltr'>ordine</span> <span class='ocrx_word' id='word_1_409' title='bbox 537 4129 658 4230; x_wconf 89' lang='lat' dir='ltr'>aliquo</span> <span class='ocrx_word' id='word_1_410' title='bbox 685 4136 851 4206; x_wconf 89' lang='lat' dir='ltr'>tractatio</span> <span class='ocrx_word' id='word_1_411' title='bbox 877 4131 1140 4232; x_wconf 87' lang='lat' dir='ltr'>disponeretur,</span> <span class='ocrx_word' id='word_1_412' title='bbox 1155 4131 1319 4204; x_wconf 90' lang='lat' dir='ltr'>laborem</span> <span class='ocrx_word' id='word_1_413' title='bbox 1346 4129 1444 4203; x_wconf 88' lang='lat' dir='ltr'>hunc&#39;</span> <span class='ocrx_word' id='word_1_414' title='bbox 1470 4133 1507 4203; x_wconf 92' lang='lat' dir='ltr'>in</span> <span class='ocrx_word' id='word_1_415' title='bbox 1538 4144 1692 4229; x_wconf 89' lang='lat' dir='ltr'>quatuor</span> <span class='ocrx_word' id='word_1_416' title='bbox 1718 4129 1922 4231; x_wconf 88' lang='lat' dir='ltr'>dispescere</span> <span class='ocrx_word' id='word_1_417' title='bbox 1948 4129 2035 4230; x_wconf 84' lang='lat' dir='ltr'>capi·</span> 
     </span>
     <span class='ocr_line' id='line_1_41' title="bbox 383 4229 2035 4332; baseline -0.005 -26"><span class='ocrx_word' id='word_1_418' title='bbox 383 4245 421 4306; x_wconf 87' lang='lat' dir='ltr'>ta</span> <span class='ocrx_word' id='word_1_419' title='bbox 445 4230 598 4331; x_wconf 80' lang='lat' dir='ltr'>placuit,</span> <span class='ocrx_word' id='word_1_420' title='bbox 622 4251 783 4326; x_wconf 87' lang='lat' dir='ltr'>qnorum</span> <span class='ocrx_word' id='word_1_421' title='bbox 811 4235 974 4332; x_wconf 90' lang='lat' dir='ltr'>primum</span> <span class='ocrx_word' id='word_1_422' title='bbox 999 4247 1120 4326; x_wconf 90' lang='lat' dir='ltr'>ageret</span> <span class='ocrx_word' id='word_1_423' title='bbox 1145 4232 1189 4302; x_wconf 91' lang='lat' dir='ltr'>de</span> <span class='ocrx_word' id='word_1_424' title='bbox 1216 4229 1354 4320; x_wconf 86' lang='lat' dir='ltr'>lundis,</span> <span class='ocrx_word' id='word_1_425' title='bbox 1381 4243 1564 4328; x_wconf 90' lang='lat' dir='ltr'>quatenus</span> <span class='ocrx_word' id='word_1_426' title='bbox 1584 4231 1642 4302; x_wconf 90' lang='lat' dir='ltr'>hic</span> <span class='ocrx_word' id='word_1_427' title='bbox 1661 4233 1698 4302; x_wconf 90' lang='lat' dir='ltr'>in</span> <span class='ocrx_word' id='word_1_428' title='bbox 1717 4231 2035 4305; x_wconf 86' lang='lat' dir='ltr'>considerationem</span> 
     </span>
     <span class='ocr_line' id='line_1_42' title="bbox 383 4327 2035 4430; baseline -0.003 -26"><span class='ocrx_word' id='word_1_429' title='bbox 383 4333 559 4430; x_wconf 42' lang='lat' dir='ltr'>venienti</span> <span class='ocrx_word' id='word_1_430' title='bbox 578 4327 736 4402; x_wconf 87' lang='lat' dir='ltr'>alterum</span> <span class='ocrx_word' id='word_1_431' title='bbox 761 4329 807 4400; x_wconf 93' lang='lat' dir='ltr'>de</span> <span class='ocrx_word' id='word_1_432' title='bbox 831 4353 941 4404; x_wconf 90' lang='lat' dir='ltr'>censu</span> <span class='ocrx_word' id='word_1_433' title='bbox 967 4333 1055 4429; x_wconf 90' lang='lat' dir='ltr'>ipso,</span> <span class='ocrx_word' id='word_1_434' title='bbox 1089 4330 1246 4430; x_wconf 88' lang='lat' dir='ltr'>praediis</span> <span class='ocrx_word' id='word_1_435' title='bbox 1272 4328 1407 4403; x_wconf 87' lang='lat' dir='ltr'>talibus</span> <span class='ocrx_word' id='word_1_436' title='bbox 1432 4331 1657 4419; x_wconf 89' lang='lat' dir='ltr'>inhaerente;</span> <span class='ocrx_word' id='word_1_437' title='bbox 1675 4332 1827 4402; x_wconf 87' lang='lat' dir='ltr'>tertium</span> <span class='ocrx_word' id='word_1_438' title='bbox 1855 4331 1901 4402; x_wconf 87' lang='lat' dir='ltr'>de</span> <span class='ocrx_word' id='word_1_439' title='bbox 1927 4353 2035 4430; x_wconf 89' lang='lat' dir='ltr'>perso·</span> 
     </span>
     <span class='ocr_line' id='line_1_43' title="bbox 385 4427 2033 4528; baseline -0.002 -26"><span class='ocrx_word' id='word_1_440' title='bbox 385 4432 442 4502; x_wconf 86' lang='lat' dir='ltr'>nis</span> <span class='ocrx_word' id='word_1_441' title='bbox 457 4443 617 4502; x_wconf 81' lang='lat' dir='ltr'>&#39;censam</span> <span class='ocrx_word' id='word_1_442' title='bbox 642 4427 881 4520; x_wconf 83' lang='lat' dir='ltr'>solventibus,</span> <span class='ocrx_word' id='word_1_443' title='bbox 905 4442 941 4501; x_wconf 89' lang='lat' dir='ltr'>et</span> <span class='ocrx_word' id='word_1_444' title='bbox 966 4441 1139 4528; x_wconf 90' lang='lat' dir='ltr'>quartum</span> <span class='ocrx_word' id='word_1_445' title='bbox 1173 4430 1331 4528; x_wconf 88' lang='lat' dir='ltr'>deniqne</span> <span class='ocrx_word' id='word_1_446' title='bbox 1356 4431 1401 4502; x_wconf 91' lang='lat' dir='ltr'>de</span> <span class='ocrx_word' id='word_1_447' title='bbox 1420 4429 1602 4518; x_wconf 88' lang='lat' dir='ltr'>remediis,</span> <span class='ocrx_word' id='word_1_448' title='bbox 1617 4441 1741 4501; x_wconf 89' lang='lat' dir='ltr'>contra</span> <span class='ocrx_word' id='word_1_449' title='bbox 1764 4443 1942 4502; x_wconf 89' lang='lat' dir='ltr'>tentatam</span> <span class='ocrx_word' id='word_1_450' title='bbox 1959 4441 2033 4502; x_wconf 79' lang='lat' dir='ltr'>cerr·</span> 
     </span>
     <span class='ocr_line' id='line_1_44' title="bbox 385 4526 2037 4631; baseline -0.002 -31"><span class='ocrx_word' id='word_1_451' title='bbox 385 4553 444 4602; x_wconf 90' lang='lat' dir='ltr'>sus</span> <span class='ocrx_word' id='word_1_452' title='bbox 470 4555 490 4603; x_wconf 91' lang='lat' dir='ltr'>a</span> <span class='ocrx_word' id='word_1_453' title='bbox 515 4526 630 4600; x_wconf 83' lang='lat' dir='ltr'>inodo</span> <span class='ocrx_word' id='word_1_454' title='bbox 657 4532 918 4628; x_wconf 86' lang='lat' dir='ltr'>separationem</span> <span class='ocrx_word' id='word_1_455' title='bbox 943 4529 1247 4631; x_wconf 88' lang='lat' dir='ltr'>competentibus.</span> <span class='ocrx_word' id='word_1_456' title='bbox 1272 4529 1431 4606; x_wconf 86' lang='lat' dir='ltr'>Methodi</span> <span class='ocrx_word' id='word_1_457' title='bbox 1458 4529 1567 4630; x_wconf 85' lang='lat' dir='ltr'>hujus</span> <span class='ocrx_word' id='word_1_458' title='bbox 1593 4529 1775 4628; x_wconf 86' lang='lat' dir='ltr'>prolixam</span> <span class='ocrx_word' id='word_1_459' title='bbox 1811 4530 1959 4601; x_wconf 86' lang='lat' dir='ltr'>reddere</span> <span class='ocrx_word' id='word_1_460' title='bbox 1990 4551 2037 4597; x_wconf 91' lang='lat' dir='ltr'>ra-</span> 
     </span>
     <span class='ocr_line' id='line_1_45' title="bbox 385 4627 2034 4730; baseline -0.002 -30"><span class='ocrx_word' id='word_1_461' title='bbox 385 4633 535 4720; x_wconf 89' lang='lat' dir='ltr'>tionem,</span> <span class='ocrx_word' id='word_1_462' title='bbox 561 4629 711 4728; x_wconf 87' lang='lat' dir='ltr'>perinde</span> <span class='ocrx_word' id='word_1_463' title='bbox 736 4653 777 4702; x_wconf 86' lang='lat' dir='ltr'>ac</span> <span class='ocrx_word' id='word_1_464' title='bbox 803 4631 1027 4704; x_wconf 86' lang='lat' dir='ltr'>tractationis</span> <span class='ocrx_word' id='word_1_465' title='bbox 1054 4631 1367 4730; x_wconf 79' lang='lat' dir='ltr'>imperfectionem</span> <span class='ocrx_word' id='word_1_466' title='bbox 1395 4627 1522 4702; x_wconf 90' lang='lat' dir='ltr'>multis</span> <span class='ocrx_word' id='word_1_467' title='bbox 1549 4627 1608 4701; x_wconf 90' lang='lat' dir='ltr'>hic</span> <span class='ocrx_word' id='word_1_468' title='bbox 1634 4649 1831 4718; x_wconf 82' lang='lat' dir='ltr'>excusare,</span> <span class='ocrx_word' id='word_1_469' title='bbox 1874 4645 2034 4729; x_wconf 85' lang='lat' dir='ltr'>snperra·</span> 
     </span>
     <span class='ocr_line' id='line_1_46' title="bbox 385 4725 2034 4833; baseline -0.002 -30"><span class='ocrx_word' id='word_1_470' title='bbox 385 4755 498 4806; x_wconf 89' lang='lat' dir='ltr'>cnum</span> <span class='ocrx_word' id='word_1_471' title='bbox 524 4729 636 4803; x_wconf 87' lang='lat' dir='ltr'>duco:</span> <span class='ocrx_word' id='word_1_472' title='bbox 661 4730 692 4802; x_wconf 87' lang='lat' dir='ltr'>si</span> <span class='ocrx_word' id='word_1_473' title='bbox 713 4732 772 4802; x_wconf 91' lang='lat' dir='ltr'>cui</span> <span class='ocrx_word' id='word_1_474' title='bbox 799 4741 923 4802; x_wconf 91' lang='lat' dir='ltr'>tamen</span> <span class='ocrx_word' id='word_1_475' title='bbox 951 4731 1087 4804; x_wconf 78' lang='lat' dir='ltr'>fortean</span> <span class='ocrx_word' id='word_1_476' title='bbox 1115 4735 1211 4833; x_wconf 88' lang='lat' dir='ltr'>justo</span> <span class='ocrx_word' id='word_1_477' title='bbox 1230 4731 1499 4806; x_wconf 90' lang='lat' dir='ltr'>inconcinniora</span> <span class='ocrx_word' id='word_1_478' title='bbox 1527 4727 1614 4800; x_wconf 88' lang='lat' dir='ltr'>haec</span> <span class='ocrx_word' id='word_1_479' title='bbox 1642 4727 1887 4818; x_wconf 87' lang='lat' dir='ltr'>ridebuntur,</span> <span class='ocrx_word' id='word_1_480' title='bbox 1916 4725 2034 4800; x_wconf 89' lang='lat' dir='ltr'>memi-</span> 
     </span>
     <span class='ocr_line' id='line_1_47' title="bbox 386 4829 2034 4931; baseline -0.004 -27"><span class='ocrx_word' id='word_1_481' title='bbox 386 4834 482 4904; x_wconf 88' lang='lat' dir='ltr'>nerit</span> <span class='ocrx_word' id='word_1_482' title='bbox 509 4831 634 4920; x_wconf 86' lang='lat' dir='ltr'>velint,</span> <span class='ocrx_word' id='word_1_483' title='bbox 661 4853 720 4902; x_wconf 87' lang='lat' dir='ltr'>me</span> <span class='ocrx_word' id='word_1_484' title='bbox 745 4829 909 4903; x_wconf 90' lang='lat' dir='ltr'>discendi</span> <span class='ocrx_word' id='word_1_485' title='bbox 933 4833 1146 4931; x_wconf 85' lang='lat' dir='ltr'>cupiditate,</span> <span class='ocrx_word' id='word_1_486' title='bbox 1174 4839 1387 4930; x_wconf 86' lang='lat' dir='ltr'>neutiquam</span> <span class='ocrx_word' id='word_1_487' title='bbox 1406 4853 1491 4902; x_wconf 87' lang='lat' dir='ltr'>vero</span> <span class='ocrx_word' id='word_1_488' title='bbox 1513 4829 1636 4901; x_wconf 86' lang='lat' dir='ltr'>studio</span> <span class='ocrx_word' id='word_1_489' title='bbox 1653 4829 1875 4918; x_wconf 84' lang='lat' dir='ltr'>ostentandi,</span> <span class='ocrx_word' id='word_1_490' title='bbox 1894 4838 2034 4911; x_wconf 68' lang='lat' dir='ltr'>memet</span> 
     </span>
     <span class='ocr_line' id='line_1_48' title="bbox 385 4927 2031 5030; baseline -0.006 -26"><span class='ocrx_word' id='word_1_491' title='bbox 385 4951 554 5004; x_wconf 75' lang='lat' dir='ltr'>meamne</span> <span class='ocrx_word' id='word_1_492' title='bbox 579 4933 616 5000; x_wconf 92' lang='lat' dir='ltr'>iu</span> <span class='ocrx_word' id='word_1_493' title='bbox 644 4931 732 5028; x_wconf 75' lang='lat' dir='ltr'>juris</span> <span class='ocrx_word' id='word_1_494' title='bbox 758 4941 835 5002; x_wconf 89' lang='lat' dir='ltr'>arte</span> <span class='ocrx_word' id='word_1_495' title='bbox 861 4929 1104 5020; x_wconf 85' lang='lat' dir='ltr'>habilitatem,</span> <span class='ocrx_word' id='word_1_496' title='bbox 1131 4955 1245 5030; x_wconf 90' lang='lat' dir='ltr'>qnam</span> <span class='ocrx_word' id='word_1_497' title='bbox 1272 4931 1415 5003; x_wconf 91' lang='lat' dir='ltr'>nullam</span> <span class='ocrx_word' id='word_1_498' title='bbox 1450 4943 1513 5002; x_wconf 90' lang='lat' dir='ltr'>aut</span> <span class='ocrx_word' id='word_1_499' title='bbox 1552 4951 1727 5028; x_wconf 86' lang='lat' dir='ltr'>perquam</span> <span class='ocrx_word' id='word_1_500' title='bbox 1771 4941 1869 5002; x_wconf 89' lang='lat' dir='ltr'>certe</span> <span class='ocrx_word' id='word_1_501' title='bbox 1909 4927 2031 4998; x_wconf 84' lang='lat' dir='ltr'>exilem</span> 
     </span>
     <span class='ocr_line' id='line_1_49' title="bbox 379 5029 2030 5130; baseline -0.005 -29"><span class='ocrx_word' id='word_1_502' title='bbox 379 5053 478 5120; x_wconf 80' lang='lat' dir='ltr'>esse,</span> <span class='ocrx_word' id='word_1_503' title='bbox 504 5031 590 5102; x_wconf 88' lang='lat' dir='ltr'>satis</span> <span class='ocrx_word' id='word_1_504' title='bbox 615 5041 841 5128; x_wconf 87' lang='lat' dir='ltr'>perspectum</span> <span class='ocrx_word' id='word_1_505' title='bbox 868 5030 997 5124; x_wconf 91' lang='lat' dir='ltr'>habeo,</span> <span class='ocrx_word' id='word_1_506' title='bbox 1021 5033 1148 5105; x_wconf 92' lang='lat' dir='ltr'>haecce</span> <span class='ocrx_word' id='word_1_507' title='bbox 1167 5032 1251 5104; x_wconf 88' lang='lat' dir='ltr'>talia</span> <span class='ocrx_word' id='word_1_508' title='bbox 1270 5031 1493 5130; x_wconf 84' lang='lat' dir='ltr'>congessisse.</span> <span class='ocrx_word' id='word_1_509' title='bbox 1513 5029 1618 5122; x_wconf 85' lang='lat' dir='ltr'>Quod</span> <span class='ocrx_word' id='word_1_510' title='bbox 1636 5041 1810 5128; x_wconf 87' lang='lat' dir='ltr'>superest,</span> <span class='ocrx_word' id='word_1_511' title='bbox 1827 5047 2030 5129; x_wconf 85' lang='lat' dir='ltr'>supremum</span> 
     </span>
     <span class='ocr_line' id='line_1_50' title="bbox 387 5127 2104 5228; baseline 0 -26"><span class='ocrx_word' id='word_1_512' title='bbox 387 5129 536 5203; x_wconf 87' lang='lat' dir='ltr'>Numen</span> <span class='ocrx_word' id='word_1_513' title='bbox 561 5129 715 5228; x_wconf 86' lang='lat' dir='ltr'>supplex</span> <span class='ocrx_word' id='word_1_514' title='bbox 741 5135 915 5222; x_wconf 85' lang='lat' dir='ltr'>veneror,</span> <span class='ocrx_word' id='word_1_515' title='bbox 940 5145 982 5204; x_wconf 90' lang='lat' dir='ltr'>ot</span> <span class='ocrx_word' id='word_1_516' title='bbox 1008 5132 1287 5204; x_wconf 88' lang='lat' dir='ltr'>clementissima</span> <span class='ocrx_word' id='word_1_517' title='bbox 1323 5157 1388 5206; x_wconf 88' lang='lat' dir='ltr'>ana</span> <span class='ocrx_word' id='word_1_518' title='bbox 1417 5129 1666 5206; x_wconf 87' lang='lat' dir='ltr'>benedictione</span> <span class='ocrx_word' id='word_1_519' title='bbox 1692 5131 1757 5202; x_wconf 91' lang='lat' dir='ltr'>hoc</span> <span class='ocrx_word' id='word_1_520' title='bbox 1784 5127 1958 5226; x_wconf 88' lang='lat' dir='ltr'>quicquid</span> <span class='ocrx_word' id='word_1_521' title='bbox 1982 5133 2030 5192; x_wconf 89' lang='lat' dir='ltr'>est</span> <span class='ocrx_word' id='word_1_522' title='bbox 2092 5193 2104 5202; x_wconf 93' lang='lat'>.</span> 
     </span>
     <span class='ocr_line' id='line_1_51' title="bbox 387 5227 2030 5330; baseline -0.002 -29"><span class='ocrx_word' id='word_1_523' title='bbox 387 5227 527 5327; x_wconf 88' lang='lat' dir='ltr'>opellae</span> <span class='ocrx_word' id='word_1_524' title='bbox 553 5229 666 5327; x_wconf 87' lang='lat' dir='ltr'>ipsius</span> <span class='ocrx_word' id='word_1_525' title='bbox 691 5233 861 5328; x_wconf 88' lang='lat' dir='ltr'>auspiciis</span> <span class='ocrx_word' id='word_1_526' title='bbox 885 5247 1094 5330; x_wconf 87' lang='lat' dir='ltr'>susceptum</span> <span class='ocrx_word' id='word_1_527' title='bbox 1122 5233 1273 5330; x_wconf 88' lang='lat' dir='ltr'>perinde</span> <span class='ocrx_word' id='word_1_528' title='bbox 1298 5255 1339 5306; x_wconf 91' lang='lat' dir='ltr'>ac</span> <span class='ocrx_word' id='word_1_529' title='bbox 1363 5231 1433 5304; x_wconf 90' lang='lat' dir='ltr'>alia</span> <span class='ocrx_word' id='word_1_530' title='bbox 1457 5232 1577 5303; x_wconf 87' lang='lat' dir='ltr'>omnia</span> <span class='ocrx_word' id='word_1_531' title='bbox 1606 5254 1684 5302; x_wconf 86' lang='lat' dir='ltr'>mea</span> <span class='ocrx_word' id='word_1_532' title='bbox 1716 5231 1835 5304; x_wconf 87' lang='lat' dir='ltr'>studia</span> <span class='ocrx_word' id='word_1_533' title='bbox 1866 5227 1911 5300; x_wconf 90' lang='lat' dir='ltr'>ad</span> <span class='ocrx_word' id='word_1_534' title='bbox 1941 5236 2030 5322; x_wconf 85' lang='lat' dir='ltr'>opta·</span> 
     </span>
     <span class='ocr_line' id='line_1_52' title="bbox 386 5327 2032 5432; baseline -0.002 -33"><span class='ocrx_word' id='word_1_535' title='bbox 386 5343 469 5403; x_wconf 89' lang='lat' dir='ltr'>tom</span> <span class='ocrx_word' id='word_1_536' title='bbox 496 5329 619 5419; x_wconf 84' lang='lat' dir='ltr'>finem,</span> <span class='ocrx_word' id='word_1_537' title='bbox 646 5334 702 5405; x_wconf 90' lang='lat' dir='ltr'>sui</span> <span class='ocrx_word' id='word_1_538' title='bbox 731 5355 862 5429; x_wconf 88' lang='lat' dir='ltr'>nempe</span> <span class='ocrx_word' id='word_1_539' title='bbox 888 5332 1064 5428; x_wconf 88' lang='lat' dir='ltr'>gloriam,</span> <span class='ocrx_word' id='word_1_540' title='bbox 1090 5328 1320 5406; x_wconf 87' lang='lat' dir='ltr'>dulcissimae</span> <span class='ocrx_word' id='word_1_541' title='bbox 1351 5335 1489 5432; x_wconf 89' lang='lat' dir='ltr'>patriae</span> <span class='ocrx_word' id='word_1_542' title='bbox 1528 5331 1780 5421; x_wconf 87' lang='lat' dir='ltr'>commodum,</span> <span class='ocrx_word' id='word_1_543' title='bbox 1812 5327 2032 5431; x_wconf 70' lang='lat' dir='ltr'>proximique</span> 
     </span>
     <span class='ocr_line' id='line_1_53' title="bbox 390 5428 1353 5534; baseline 0.008 -34"><span class='ocrx_word' id='word_1_544' title='bbox 390 5428 683 5507; x_wconf 86' lang='lat' dir='ltr'>emolumentum</span> <span class='ocrx_word' id='word_1_545' title='bbox 709 5431 863 5532; x_wconf 90' lang='lat' dir='ltr'>dirigere</span> <span class='ocrx_word' id='word_1_546' title='bbox 888 5430 1142 5532; x_wconf 87' lang='lat' dir='ltr'>benignissime</span> <span class='ocrx_word' id='word_1_547' title='bbox 1168 5434 1353 5534; x_wconf 85' lang='lat' dir='ltr'>dignetur!</span> 
     </span>
    </p>
   </div>
   <div class='ocr_carea' id='block_1_10' title="bbox 0 0 2205 6132">
    <p class='ocr_par' dir='ltr' id='par_1_10' title="bbox 0 0 2205 6132">
     <span class='ocr_line' id='line_1_54' title="bbox 0 0 2205 6132; baseline 0 0"><span class='ocrx_word' id='word_1_548' title='bbox 0 0 2205 6132; x_wconf 95' lang='lat' dir='ltr'> </span> 
     </span>
    </p>
   </div>
  </div>
 </body>
</html>
