4364 6132
405 227 458 282 tte

349 321 378 373 air
391 339 422 374 eo
436 321 615 372 instrumento
630 323 682 370 err.
695 311 721 366 8:
737 311 762 385 ξ.
774 311 922 382 guairiacus,
935 311 985 366 lma
1001 314 1053 378 tna,
1070 313 1109 362 pu
1128 327 1169 362 pu.

348 404 439 470 parius
459 406 607 462 monitum,
628 400 691 452 solia
709 397 827 450 comitiis
846 396 952 468 imperii
972 393 1167 449 aoirerselibus

347 485 506 552 adsignetur.

277 556 331 608 ¹⁸³
388 570 439 622 Sed
459 568 567 620 dubium
587 575 636 626 est,
656 582 688 616 en
708 581 760 615 non
780 559 905 626 sufficiat,
919 559 942 613 si
962 561 1169 630 imperatorcol·

348 655 428 706 lectas
447 654 538 703 saitem
559 651 588 700 in
607 647 776 700 corruentibus
795 647 966 699 cirnalaribus
982 657 1104 714 espetat,
1118 648 1168 698 ibi·

346 752 396 802 qoe
414 735 573 785 cirrulorurn
594 734 703 782 statibus
722 731 898 782 nenessitatem
919 730 1101 782 imminentem
1121 745 1167 778 ex·

274 808 327 860 ¹8⁴
349 831 434 888 ponet,
453 835 524 871 cerie
540 817 680 869 circulares
699 815 826 881 ejusmodi
847 826 991 866 conventas
1009 816 1078 865 inter
1095 813 1165 864 ordi·

346 901 419 950 naria
438 899 561 965 erigendi
581 899 700 950 collectas
726 898 810 949 medis
837 907 1005 948 recensemur
1032 898 1060 947 in
1086 896 1162 966 capit.

346 983 428 1035 Ferri.
448 987 505 1036 ΙΙΙ.
525 995 577 1035 art.
600 982 640 1034 11.
661 996 687 1034 et
706 983 837 1034 recentius
851 981 937 1033 adbuc
949 982 977 1032 in
989 982 1069 1046 cupit.
1082 981 1164 1032 Ferri.

273 1058 397 1118 1851V.
417 1078 470 1118 art.
490 1065 533 1116 11.
553 1068 738 1118 Verumtamen
759 1065 791 1117 de
810 1067 859 1118 boe
877 1065 936 1134 ipso
954 1067 1032 1117 ruodo
1052 1065 1165 1134 saepias·

343 1152 400 1203 eade
420 1152 554 1220 conquesti
575 1163 656 1203 status
676 1152 783 1220 imperii
806 1152 1057 1218 deprehenduntnr,
1076 1165 1159 1202 erem·

342 1236 385 1302 pla
404 1235 457 1286 rid.
477 1251 521 1300 op.
542 1232 665 1302 Burgold.
686 1235 722 1285 nd
739 1235 801 1286 inst.
817 1251 876 1296 pne.
892 1253 921 1302 p.
941 1235 965 1283 3.
992 1235 1056 1284 dr're.
1083 1233 1107 1284 2.
1133 1251 1161 1284 n.

345 1315 372 1367 1.
391 1315 543 1368 Limnaeum
561 1320 597 1368 od
615 1334 673 1386 cup.
693 1315 776 1368 Ferd.
796 1315 852 1367 111.
870 1325 921 1366 arr.
936 1315 976 1366 11.
991 1314 1081 1366 verbis
1094 1316 1159 1368 Cro-

272 1413 327 1465 180
343 1401 499 1466 yse-Taege
518 1411 567 1451 etc.
586 1399 679 1450 Klocb.
697 1417 718 1451 c.
738 1399 764 1448 2.
784 1417 811 1450 rr.
832 1397 892 1450 111.
909 1413 981 1467 seqq.
1000 1409 1027 1448 et
1044 1399 1162 1466 quamris

347 1484 406 1532 talis
424 1483 545 1550 exigendi
567 1483 657 1532 naodns
675 1479 730 1533 lere
748 1482 838 1531 saltem
860 1483 887 1532 in
900 1498 963 1530 casu
977 1481 1160 1549 praesentissi-

344 1569 380 1617 mi
400 1579 425 1620 et
442 1571 561 1634 urgentis
580 1567 689 1636 periculi
711 1566 850 1616 adbibitus
869 1565 968 1628 inerit,
986 1565 1101 1632 adeoque
1121 1581 1162 1618 er·

345 1651 548 1712 traordiuarins,
569 1651 607 1700 uti
629 1651 702 1700 docet
723 1649 819 1700 Klocb.
840 1649 887 1700 att.
913 1651 968 1701 loe.
994 1667 1021 1710 rr.
1048 1649 1111 1702 113.
1135 1662 1161 1701 et

272 1771 326 1824 ¹⁸7
346 1735 409 1787 115.
428 1736 604 1786 nihilominus
622 1735 742 1785 eumdem
764 1735 868 1800 pcnitna
882 1733 1013 1800 antiquari
1028 1732 1160 1801 petierunt

346 1817 434 1868 adbuc
453 1817 637 1868 recentissime
656 1826 737 1866 status
760 1814 867 1883 imperii
889 1815 914 1867 iu
935 1815 1045 1866 monitis
1056 1815 1111 1864 sois
1130 1813 1160 1863 ed

342 1899 511 1952 formaradam
531 1909 592 1949 tuuc
611 1899 827 1966 capitulationem
846 1897 1030 1966 leopoldinam:
1048 1894 1110 1944 dum
1129 1894 1160 1945 ad

340 1998 388 2036 art.
407 1983 451 2033 tt.
471 1984 652 2052 praecedentis
678 1982 880 2048 capitulatiouis
907 1985 987 2032 tertio
1015 1981 1072 2030 loco
1098 1978 1160 2030 haec

341 2065 418 2117 rerba
440 2069 577 2118 coluerunt
597 2066 688 2115 iuscri:
711 2067 783 2116 Duas
801 2064 844 2116 die
856 2082 942 2118 neuen
957 2062 1097 2133 slrfiogen
1109 2080 1159 2113 en·

340 2148 399 2202 ders
411 2150 540 2212 atalanta
559 2149 607 2198 mit
621 2149 702 2201 Ruit.
716 2151 831 2212 Wirsen,
840 2149 896 2202 unii
906 2151 934 2202 V
931 2148 1100 2217 ermt'llr'gung
1116 2147 1164 2200 der

341 2233 559 2295 cunr-Fumea,
572 2229 687 2298 sursten
704 2233 763 2283 und
778 2229 894 2284 Stoende
915 2232 972 2284 und
989 2245 1063 2284 emar
1077 2230 1158 2284 ollein

339 2314 493 2384 ausHer'elrs
504 2315 666 2366 andlreinerr
678 2317 792 2382 Kreysr-
801 2315 902 2382 Yaegen
911 2323 1100 2384 augeretateto·
1108 2313 1161 2364 Eit.

336 2399 382 2450 Fr.
400 2415 448 2452 con
469 2399 575 2448 ilerden
594 2398 622 2449 in
643 2395 693 2450 der·
714 2397 892 2464 Grundeferte
907 2417 936 2468 p.
949 2399 975 2448 3.
987 2415 1009 2447 e.
1022 2398 1047 2448 3.
1056 2415 1084 2466 p.
1097 2397 1158 2447 227.

266 2508 319 2560 133
339 2483 502 2552 Quamquam
521 2493 608 2532 autem
629 2481 722 2531 laaecce
739 2483 815 2532 rerba
831 2482 864 2532 ab
876 2479 1032 2532 electoribus
1051 2480 1161 2550 posthac

337 2567 518 2634 capitulatioui
540 2583 590 2617 nnn
611 2567 649 2614 ita
666 2565 904 2632 expresseramus
918 2563 1159 2632 deprehendantur:

335 2661 449 2705 attamen
468 2650 496 2701 in
516 2651 543 2702 d.
562 2667 621 2712 cup.
642 2650 715 2716 leop.
734 2659 787 2698 arr.
804 2643 851 2700 11.
871 2649 915 2698 nbi
936 2649 968 2696 de
987 2647 1033 2697 bae
1052 2648 1159 2697 materia

339 2735 435 2804 egitur,
457 2732 526 2784 nulla
545 2731 661 2798 emplius
681 2732 783 2782 mentio
800 2729 867 2781 iacta
895 2729 944 2783 der
963 2730 1158 2798 Krnysrtaege,

334 2819 381 2870 sed
399 2817 558 2884 simpliciter
578 2824 750 2882 prosecatum
772 2817 803 2864 ad
824 2815 931 2866 modurn
951 2815 980 2865 itt
997 2813 1159 2866 instrumen-

335 2913 363 2954 ιο
383 2903 461 2968 parcis
482 2908 685 2967 praescriptum,
709 2899 734 2948 io
756 2899 804 2946 boc
823 2909 921 2960 antem,
940 2909 992 2948 art.
1010 2899 1036 2947 8.
1057 2903 1077 2958 §.
1091 2913 1158 2965 puu-

264 3008 317 3058 pgp
334 2981 425 3035 deant.
444 3000 502 3032 cum
521 2999 572 3032 arou
595 2982 650 3031 uisi
671 2984 704 3030 de
723 2983 851 3030 comitiali
880 2981 1014 3048 liberoque
1038 2981 1158 3030 omnium

335 3068 442 3136 imperii
462 3078 576 3117 statuum
599 3062 729 3131 suffragio
747 3078 772 3116 et
791 3081 917 3116 consensu
940 3066 989 3116 tale
1007 3063 1072 3132 quid
1100 3061 1159 3116 steri

333 3150 428 3202 debere
446 3151 556 3212 dicutur¹
576 3152 733 3202 rerosrmite
752 3161 804 3211 est,
824 3150 929 3200 morium
951 3148 1020 3198 brino
1033 3150 1111 3200 tacite
1122 3151 1157 3200 ita

333 3236 406 3304 quasi
425 3235 578 3302 abrogatum
598 3235 775 3302 imposterum
791 3231 887 3282 debere
900 3246 1007 3282 cessare.
1022 3229 1157 3284 Caeterum

266 3297 318 3352 ¹9⁰
337 3332 469 3389 postquam
489 3319 525 3368 ita
545 3318 628 3370 semel
649 3315 747 3368 tributa
767 3315 799 3366 ah
817 3316 958 3368 ordinibus
985 3317 1092 3383 imperii
1117 3317 1159 3367 de-

334 3409 492 3462 cretssunt,
513 3402 724 3468 imperatoreos
743 3415 789 3449 suo
817 3398 887 3448 salut
914 3398 1023 3448 nomine
1048 3401 1160 3466 siugulis

334 3495 423 3554 postea
443 3485 549 3548 indicit,
568 3487 647 3554 idque
666 3482 737 3544 ideo,
756 3483 816 3549 quia
837 3483 979 3550 imperator
998 3493 1057 3543 est,
1077 3493 1104 3536 et
1121 3486 1160 3537 tic

332 3571 398 3620 sacri
418 3579 519 3624 senatus
538 3569 691 3636 imperialis
711 3569 839 3618 director.
860 3566 968 3635 Hippoi.
987 3585 1001 3618 s
1020 3565 1083 3636 Lep.
1096 3585 1159 3637 pag.

330 3653 394 3704 210.
414 3655 533 3705 meuriss.
551 3653 590 3706 od
611 3651 739 3720 Burgold.
756 3671 783 3720 p.
802 3651 846 3702 86.

376 3739 546 3808 Progressum
567 3755 635 3790 none
655 3735 764 3786 lucianus
782 3734 813 3786 ed
834 3735 965 3787 materians
977 3735 1101 3789 collectae
1113 3737 1161 3790 irra-

337 3824 455 3890 psrialis‚
476 3825 575 3892 deque
599 3833 687 3872 tamen
708 3837 760 3872 nora
779 3821 844 3872 adeo
870 3820 952 3870 molta
979 3819 1055 3872 nobis
1084 3820 1158 3874 rerba

334 3906 451 3960 sarienda
471 3918 554 3960 erunt.
572 3907 605 3958 Et
628 3906 736 3975 quidem
756 3914 816 3958 aute
835 3915 949 3973 tempora
965 3904 1095 3958 Friderici
1111 3907 1160 3958 tlt.

341 4008 393 4042 non
414 3993 561 4060 reperimus
590 3989 668 4042 i'aciie
695 3989 821 4040 tributum
848 3988 952 4057 aliquod
978 3991 1159 4058 pecuniarium

336 4075 364 4126 in
386 4075 500 4143 imperio
521 4085 640 4127 exactum
661 4071 757 4137 luisse,
772 4074 833 4142 qnia
854 4071 902 4122 ista
923 4082 1072 4140 tempestate
1086 4075 1161 4124 raris·

339 4161 421 4210 simus
441 4161 491 4210 init
514 4158 641 4227 pecuniae
662 4173 709 4224 per
728 4154 899 4208 Germaniam
919 4168 995 4215 usur,
1013 4170 1041 4205 ea
1059 4172 1162 4222 quoqne

338 4243 432 4294 aerarii
453 4241 563 4294 cannot
584 4241 695 4303 ubertas,
715 4247 742 4289 ut
764 4238 809 4289 tali
831 4237 931 4287 tributo
948 4237 979 4288 ad
1001 4242 1162 4292 necessarios

339 4325 446 4393 imperii
468 4341 529 4375 usias
548 4341 600 4375 non
621 4321 701 4372 tuerit
721 4336 796 4387 opus,
815 4319 940 4387 Conring.
958 4319 991 4372 ad
1019 4319 1109 4392 Lamp.
1134 4339 1162 4390 p.

342 4409 367 4458 3.
385 4423 407 4456 c.
428 4405 505 4473 ld.§
534 4404 560 4454 2.
587 4403 707 4470 Burgold.
733 4400 759 4451 d.
783 4419 814 4469 p.
833 4404 858 4454 3.
882 4405 909 4455 d.
928 4403 954 4452 2.
981 4421 1056 4457 num,
1075 4406 1101 4456 1.
1119 4407 1163 4460 scil

263 3780 316 3834 191

267 4203 320 4256 192

340 4486 451 4538 dabatur
470 4484 525 4538 l'ere
545 4485 572 4535 in
595 4485 747 4536 bominibus
769 4499 813 4536 seu
833 4497 904 4537 certo
932 4487 1048 4541 rnilitum
1072 4507 1162 4545 nume·

339 4585 380 4633 ro,-
396 4586 461 4638 qnae
480 4573 556 4622 etiarn
575 4573 662 4637 prima
683 4568 758 4634 origo
776 4579 802 4618 et
821 4580 911 4622 uaturs
936 4569 988 4622 init
1011 4575 1164 4643 expeditio·

339 4653 382 4704 nis
403 4669 541 4719 romanae,
560 4653 594 4703 de
613 4669 661 4720 qua
681 4669 743 4704 moa
766 4654 898 4718 «licenda,
925 4657 1062 4710 constabat
1089 4664 1162 4715 enirn

338 4735 401 4788 haec
420 4732 560 4788 indefinita
582 4736 754 4788 rnrdtitndine
775 4737 908 4799 militurn,
929 4739 1022 4794 tttoak.
1047 4759 1069 4795 σ.
1090 4747 1115 4796 1.
1135 4765 1163 4799 rr.

268 4827 323 4878 193
344 4820 405 4870 173.
423 4817 471 4870 bat
490 4818 567 4897 hodie
588 4834 661 4869 secus
680 4829 735 4882 est,
758 4819 802 4870 nbi
823 4838 914 4872 ornnes
932 4825 1057 4878 collectae
1077 4827 1162 4896 impe-

339 4901 417 4952 rieles
430 4903 578 4952 consistunt
594 4901 622 4953 in
636 4911 707 4955 certa
722 4919 824 4955 summa
846 4907 974 4973 pecuniae
993 4921 1142 4966 numeratae
1157 4949 1164 4977 ,

343 4980 570 5054 Sprengsonnj.
579 4985 652 5053 prrbl.
668 5001 692 5036 c.
706 4987 746 5037 13.

379 5063 487 5116 Formae
507 5067 561 5117 loco
581 5083 648 5118 nunc
667 5085 744 5136 porro
766 5070 945 5138 spectabimus
964 5075 1070 5130 modona
1083 5083 1161 5134 colle·

343 5146 428 5198 ctenrli
450 5147 477 5198 in
496 5155 644 5215 germanico
664 5151 774 5218 irnperio
794 5155 927 5210 usitatum:
947 5158 990 5209 ulti
1011 5161 1088 5216 initio
1107 5166 1157 5216 mi·

342 5247 391 5282 nus
409 5232 572 5286 versabimur
591 5234 661 5287 circa
681 5236 807 5302 pristinos
826 5239 884 5290 illos
904 5241 1001 5306 modos,
1015 5246 1059 5313 qui
1073 5264 1156 5300 remo·

344 5314 457 5364 rioribus
475 5317 545 5367 aeris
565 5316 602 5367 ibi
621 5317 898 5382 obtinuerant,rideri
921 5333 1005 5379 tamen
1026 5332 1049 5380 si
1069 5329 1110 5383 cni
1124 5335 1155 5386 ti-

272 5415 325 5467 193
344 5400 397 5461 bet,
418 5410 523 5468 possunt
542 5418 584 5468 up.
603 5401 712 5468 Spreug.
732 5403 780 5456 ott.
798 5414 831 5456 tr.
856 5407 880 5457 1.
907 5427 928 5462 c.
954 5422 980 5465 et
999 5414 1023 5464 7.
1051 5415 1155 5468 Praeter

342 5496 384 5550 eus
403 5496 464 5533 aero
482 5481 532 5533 duo
551 5485 687 5553 praecipue
707 5485 777 5536 modi
797 5491 910 5544 masime
929 5491 1022 5549 famosi
1036 5498 1064 5552 in
1078 5516 1151 5551 usum

341 5579 442 5630 neuere,
461 5582 527 5618 uuus
544 5569 649 5638 quidem
667 5570 699 5620 ad
717 5585 902 5642 communem,
921 5580 960 5634 nti
989 5567 1149 5652 loquuntur,

959 219 1149 276 utaentur.
1168 218 1238 274 ttVt.
1258 217 1372 276 CAPUT
1391 219 1428 274 ll.
1460 219 1472 228 ’

1933 213 1988 266 110
2068 215 2075 232 ‘

1219 311 1367 376 denariam,
1384 313 1442 384 neos
1452 311 1506 368 den
1527 311 1670 382 geareiaen
1688 311 1819 383 Pfiarna'g,
1839 311 1909 364 alter
1921 311 1953 361 ad
1967 327 2045 379 expe·

1218 393 1346 447 ditionem
1369 413 1516 457 romanens,
1534 395 1593 463 ares
1602 396 1653 458 den
1675 399 1846 462 illimersng.
1867 393 1973 442 Priori*
1991 409 2042 444 Μ·
2058 435 2103 489 m

1217 475 1243 526 di
1265 478 1326 530 tneo
1345 478 1395 530 ruti
1416 481 1529 543 indoles,
1548 491 1577 531 ut
1594 479 1726 541 omnibns,
1747 491 1797 530 tam
1823 475 2039 544 magistratibus,

1217 576 1295 626 qnam
1316 562 1430 613 subditis
1451 564 1557 615 collecta
1577 563 1756 622 indiceretur,
1776 561 1889 612 neruine
1908 567 2040 625 excepto,
2108 596 2110 604 .

1216 640 1431 710 corderaeruaqoe
1450 661 1463 694 ι
1485 644 1596 710 singuiis
1616 645 1645 694 in
1664 645 1719 695 loeo
1738 641 1874 695 domicilii
1906 641 1941 690 de
1966 641 2041 691 bonis

1216 723 1375 793 ubicumque
1393 726 1463 791 sitis,
1483 736 1509 777 et
1526 726 1632 794 quidem
1652 731 1761 796 proprio
1778 727 1939 794 priaatoque
1957 723 2041 772 nomi·

1217 823 1257 866 ne,
1275 825 1353 875 opera
1372 818 1399 860 et
1418 811 1568 860 ministerio
1587 811 1624 860 rel
1646 811 1840 878 parochorum,
1861 807 1903 858 rei
1922 810 2003 856 etiarn
2023 809 2041 854 i·

1215 893 1285 958 psius
1305 893 1471 960 magistratus
1488 893 1628 956 domicilii,
1647 893 1717 945 Gaii.
1735 895 1753 946 l·
1773 893 1798 946 2.
1818 911 1848 944 ο.
1862 891 1908 942 13.
1927 907 2003 940 nvm-
2015 889 2039 938 1-

1213 974 1333 1044 quodque
1351 976 1484 1044 peculiare
1503 989 1568 1039 erat,
1587 991 1664 1028 nemu
1683 977 1727 1026 bic
1744 976 1917 1028 eximebatur
1929 973 2039 1038 ,cujum
2057 1008 2101 1062 m

1213 1072 1323 1123 eumque
1340 1074 1417 1108 sexos
1435 1060 1475 1110 rel
1493 1064 1583 1111 aetatis
1595 1071 1673 1122 esset,
1684 1063 1880 1127 cujuscumque
1893 1060 1972 1107 etiam
1987 1067 2038 1106 sta·

1213 1147 1263 1202 tus,
1281 1141 1339 1191 sire
1357 1143 1538 1205 ecclesiastici,
1555 1144 1608 1195 sire
1627 1144 1760 1206 secularis,
1778 1157 1835 1193 non
1854 1143 1982 1190 obstante
1995 1150 2041 1189 sra-

1214 1231 1275 1288 toto,
1295 1225 1443 1296 privilegio,
1461 1240 1548 1296 pacto,
1566 1244 1610 1279 sen
1628 1243 1794 1296 quocumque
1813 1224 1878 1286 alio·
1900 1223 2038 1274 5111111110·

1212 1307 1279 1355 mini
1298 1316 1326 1358 et
1344 1309 1447 1360 subditi
1472 1309 1691 1375 contributum,
1718 1327 1764 1362 nec
1786 1309 1838 1360 ulli
1867 1309 2039 1376 parcebatur,

1212 1387 1323 1460 Spreng.
1343 1393 1370 1444 d.
1391 1395 1408 1444 l.
1426 1411 1449 1445 c.
1471 1395 1514 1444 12.
1533 1394 1561 1445 r'u
1579 1413 1619 1464 pr.
1638 1396 1682 1462 qui
1702 1395 1771 1446 idem
1791 1390 1856 1446 eod.
1870 1409 1935 1458 cop.
1955 1393 2098 1460 pluri-193

1212 1470 1260 1520 bns
1278 1487 1381 1524 enarrat
1401 1475 1573 1543 quantitatem
1594 1467 1671 1544 hujus
1689 1492 1790 1540 censos,
1811 1475 1880 1527 item
1897 1475 2039 1542 dequibus

1212 1556 1288 1608 bunis
1307 1559 1351 1612 ille
1372 1562 1467 1614 solutus
1485 1560 1576 1628 inerit,
1593 1580 1688 1632 quaere
1705 1565 1773 1616 ratio
1791 1563 1866 1614 bona
1884 1571 1913 1612 et
1933 1561 2038 1613 faculta-

1213 1649 1252 1690 tes
1272 1641 1340 1693 bunc
1358 1646 1386 1694 in
1406 1641 1486 1697 linem
1506 1648 1661 1715 explorandi
1680 1648 1797 1699 adbibita
1817 1649 1864 1708 sit,
1884 1647 1990 1714 elinque
2007 1647 2038 1696 ad

1211 1722 1278 1774 hane
1296 1743 1352 1778 rem
1373 1727 1506 1792 laetanda,
1525 1749 1591 1799 quae
1608 1731 1711 1796 singula
1728 1731 1779 1782 boc
1797 1729 1907 1781 referre
1924 1745 1979 1782 nou
2000 1748 2039 1781 aa·

1210 1817 1259 1858 cat.
1278 1807 1332 1862 Nec
1354 1821 1438 1862 tamen
1459 1813 1600 1881 putandum
1618 1825 1669 1874 est,
1686 1829 1858 1866 commonens
1875 1815 2096 1887 hunedena-1„

1213 1893 1282 1942 riom
1302 1890 1383 1946 tuisse
1401 1907 1558 1964 perpetuum
1578 1913 1607 1948 ae
1624 1905 1730 1948 statum:
1743 1915 1805 1950 uam
1821 1913 1943 1966 semper,
1955 1911 2037 1966 qnan-

1212 1974 1245 2024 do
1264 1975 1292 2026 in
1311 1993 1368 2026 enm
1396 1989 1586 2032 consenserant
1611 1992 1710 2045 status,
1735 1981 1888 2034 addebatur
1914 1997 2034 2051 expressa

1213 2059 1355 2108 reseriatio
1371 2061 1469 2125 jurium
1490 2064 1657 2130 regaliumre,
1677 2081 1709 2116 ne
1727 2080 1773 2134 pro
1792 2067 1916 2133 generali
1935 2078 1961 2118 et
1981 2085 2038 2136 per·

1211 2151 1286 2207 petua
1307 2139 1390 2195 t'orrne
1412 2144 1583 2212 imposterum
1605 2145 1672 2198 lorte
1689 2149 1851 2218 allegaretur
1865 2149 1963 2204 Kloelr.
1977 2167 2001 2202 e.
2012 2154 2034 2201 t..

1211 2242 1240 2276 rs.
1252 2225 1313 2276 220.
1328 2227 1439 2295 Spreug.
1452 2227 1499 2281 att.
1512 2228 1562 2282 loc.
1575 2249 1596 2282 e.
1610 2231 1653 2282 12.
1665 2231 1728 2301 inf

1247 2309 1319 2360 Alter
1337 2310 1383 2360 ille
1398 2314 1492 2363 mortus
1511 2312 1677 2379 conectendi,
1696 2319 1761 2368 nim.
1779 2316 1909 2386 ausderr
1925 2319 2035 2372 nomer·
2049 2339 2090 2391 χω
2116 2303 2119 2308 ’

1209 2409 1270 2460 eug,
1290 2395 1421 2460 originem
1442 2396 1520 2449 babet
1538 2418 1552 2450 a
1571 2400 1682 2467 pristina
1701 2401 1745 2452 illa
1764 2401 1942 2469 expeditione
1955 2419 2033 2459 roma·

1212 2493 1255 2537 na,
1274 2481 1347 2542 cnjus
1365 2479 1415 2541 jam
1436 2481 1534 2533 mentio
1552 2479 1584 2534 lit
1603 2485 1630 2532 in
1649 2484 1674 2532 2.
1686 2485 1715 2553 f.
1740 2485 1785 2538 11.
1816 2485 1957 2538 Nimirum
1977 2505 2033 2541 cnm

1211 2563 1416 2628 imperatoribus
1435 2566 1498 2616 olirn
1518 2584 1574 2619 mos
1591 2578 1669 2634 esset,
1688 2580 1746 2637 post
1765 2569 1866 2624 iactam
1879 2574 2034 2626 electionem
2048 2553 2088 2605 ²⁰¹

1211 2646 1237 2693 iu
1256 2644 1360 2698 ltaliam
1381 2650 1494 2712 migrare
1511 2651 1601 2718 ibique
1619 2668 1739 2706 eoronam
1758 2656 1930 2724 imperialem
1949 2675 2033 2727 apon-

1211 2723 1283 2777 tilice
1301 2741 1400 2797 petere,
1420 2731 1543 2800 (dequo
1562 2734 1615 2784 ritu
1635 2735 1686 2786 rid.
1705 2734 1794 2790 Limia.
1824 2738 1864 2792 ad
1884 2757 1947 2807 cap.
1974 2742 2032 2794 cor.

1213 2812 1245 2864 V.
1259 2824 1311 2864 urr.
1326 2817 1370 2864 30.
1384 2821 1455 2867 verb.
1468 2834 1526 2868 enm
1539 2817 1630 2869 herten
1652 2819 1823 2889 bqfleirsigerr
1847 2821 1893 2876 rlr'e
1919 2822 2038 2892 Kayserl:

1210 2895 1305 2950 Krane
1319 2910 1367 2950 etc.
1379 2913 1405 2950 et
1420 2901 1465 2951 dn.
1481 2901 1566 2955 Beorn.
1580 2903 1608 2955 r'rr
1617 2915 1674 2956 nor.
1685 2903 1759 2972 dr‘gn.
1771 2907 1839 2959 arias.
1855 2907 1881 2959 1.
1893 2924 1918 2960 c.
1932 2913 1956 2960 1.
1967 2907 2029 2979 elui)
2044 2905 2087 2959 211

1210 2979 1328 3030 solebant
1348 2995 1424 3032 status
1443 2983 1550 3050 imperii
1569 3001 1698 3036 caesarem
1718 2988 1773 3052 sie,
1793 2997 1821 3040 ut
1840 2987 2030 3056 loquebantur,

1212 3064 1459 3131 transalpinantern,
1479 3067 1531 3118 sire
1552 3077 1624 3119 trane
1647 3071 1720 3138 alpes
1745 3071 1860 3124 Romam
1888 3085 2030 3142 pergentem

1210 3145 1306 3214 singuli
1327 3151 1466 3216 comitari,
1486 3163 1530 3203 arat
1548 3167 1618 3208 certe
1637 3156 1723 3206 eidem
1746 3167 1885 3224 praestare
1912 3161 1977 3210 bano
2000 3159 2030 3210 ad

1209 3245 1264 3280 reru
1287 3235 1440 3285 tenebantur
1460 3236 1555 3300 ripiuti
1582 3238 1702 3304 pediturn
1726 3247 1753 3290 et
1779 3249 1896 3307 quatuor
1917 3240 2030 3308 equitum

1211 3313 1304 3377 millia,
1318 3332 1398 3382 eaqrte
1413 3328 1558 3370 sustentare
1569 3332 1625 3370 octo
1639 3321 1768 3371 mensium
1783 3322 1886 3389 spacio,
1906 3321 1998 3373 Ktaotr.
2009 3341 2030 3375 c.

1212 3501 1350 3536 numerum
1372 3485 1415 3537 hic
1432 3487 1538 3553 quidem
1559 3489 1738 3559 principaliter
1757 3494 1888 3560 praestari
1904 3493 2026 3557 debuisse

1209 3586 1285 3636 quam
1306 3570 1332 3618 in
1352 3585 1407 3626 reso
1427 3571 1506 3619 etiam
1526 3581 1619 3635 status,
1637 3575 1682 3639 qui
1704 3591 1754 3624 noo
1771 3593 1821 3626 una
1837 3577 1892 3625 iter
1905 3575 2027 3643 ingredie·

1211 3651 1313 3714 bantur,
1332 3664 1427 3702 certum
1446 3669 1577 3704 summam
1608 3656 1659 3704 sibi
1692 3653 1862 3725 praefinitam
1891 3671 2025 3720 nouerant,

1210 3751 1275 3801 quae
1292 3735 1401 3785 caeteris
1422 3753 1472 3786 uua
1496 3734 1728 3804 proficiscentibus
1754 3741 1878 3793 sulaenda
1906 3741 1968 3792 baut
1992 3743 2026 3790 in·

1211 3819 1358 3880 cunrbebal,
1373 3829 1461 3885 utpute
1474 3837 1539 3886 (quare
1552 3823 1709 3871 annonariae
1722 3833 1746 3874 el
1769 3825 1898 3876 militaris
1915 3824 2025 3875 collatio·

1212 3903 1253 3952 nis
1267 3902 1323 3951 loco
1336 3913 1401 3965 erat,
1417 3901 1511 3954 Klork.
1521 3903 1545 3952 d.
1559 3918 1582 3953 c.
1595 3919 1668 3952 urim.
1682 3906 1742 3956 tet.
1759 3905 1827 3959 Cum
1855 3916 1941 3960 autern
1964 3902 2021 3958 deti·
2037 3919 2095 3979 m

1211 3987 1280 4035 nitus
1296 3987 1333 4035 sic
1347 3984 1460 4037 miiitum
1483 3985 1696 4055 praestantiorum
1724 4004 1849 4043 numerus
1873 3999 1956 4044 esset:
1976 4005 2023 4042 non

1213 4071 1296 4142 potuit
1312 4086 1363 4120 uon
1378 4069 1564 4122 determinatio
1575 4087 1605 4120 eo
1618 4067 1671 4121 line
1684 4072 1804 4123 institui.
1820 4085 1946 4141 quantum
1958 4075 2022 4142 quis·

1211 4171 1261 4222 que
1286 4162 1403 4205 statuum
1417 4155 1448 4203 ad
1465 4154 1540 4203 talem
1554 4153 1698 4204 exercitum
1713 4157 1933 4208 conscribendum
1956 4159 2022 4207 aleu-

1213 4239 1326 4305 dumqne
1345 4253 1391 4306 per
1411 4247 1509 4286 tantum
1530 4246 1642 4303 tempus,
1661 4239 1844 4306 proportione
1871 4256 1930 4292 strae
1950 4243 2019 4290 ditia·

1215 4323 1258 4372 nis
1273 4319 1394 4372 conferre
1405 4319 1517 4370 deberet.
1530 4321 1657 4388 Quamvis
1670 4337 1731 4372 aero
1747 4339 1802 4372 mos
1823 4323 1869 4374 ille
1893 4325 2020 4392 imperato·
2035 4345 2076 4402 2⁰¹
2147 4305 2148 4328 i

1216 4421 1273 4457 rom
1291 4405 1368 4456 bodie
1381 4404 1545 4469 expiraverit,
1559 4413 1583 4453 et
1596 4422 1610 4454 a
1625 4415 1743 4472 ternpore
1754 4405 1839 4459 Caroli
1856 4410 1887 4461 V.
1901 4411 1943 4474 qui
1967 4406 2020 4457 nlti-

1217 4506 1273 4540 rrius
1287 4491 1322 4539 ita
1338 4505 1460 4540 coronam
1476 4506 1490 4537 a
1507 4505 1571 4555 papa
1587 4488 1675 4552 pettit,
1691 4490 1716 4538 in
1738 4489 1931 4540 desuetudinem
1955 4488 2018 4537 aliie·

1217 4575 1264 4636 ritg
1280 4575 1407 4624 renrausit
1433 4583 1518 4624 trnueu
1542 4573 1638 4624 exinde
1662 4577 1754 4625 modus
1775 4575 1929 4627 collectandi
1954 4571 2017 4624 raucis

1216 4661 1275 4712 dens
1290 4659 1360 4713 Furr
1372 4659 1417 4710 der
1432 4659 1601 4722 comariago,
1615 4667 1639 4704 ot
1656 4673 1749 4725 nempe
1761 4669 1843 4712 statos
1855 4659 1966 4726 imperii,
1978 4657 2013 4706 sie

1216 4757 1261 4811 pro
1275 4741 1375 4792 viribus
1387 4755 1417 4792 ao
1429 4739 1593 4790 facultatibus
1608 4739 1783 4790 dominiorum
1797 4741 1888 4792 censiti
1901 4741 2014 4790 aestinre·

1214 4829 1291 4896 tique,
1303 4835 1401 4875 certam
1414 4827 1509 4876 caesari
1524 4824 1663 4892 stipulanti
1679 4842 1815 4890 sommam,
1831 4827 1904 4876 certis
1929 4819 2013 4873 niensi-

1215 4911 1263 4960 bns
1290 4907 1453 4959 inferendam
1471 4909 1634 4976 promittuut,
1661 4906 1784 4975 Burgoid.
1810 4913 1835 4962 d.
1858 4909 1874 4960 1.
1899 4923 1967 4958 nram.
1988 4903 2010 4976 1.

1214 4994 1242 5044 in
1257 4993 1288 5062 ,1
1315 4991 1407 5043 tttoatr.
1431 5008 1452 5043 c.
1480 4997 1504 5042 t.
1531 5009 1604 5044 necin.
1628 4992 1693 5041 221.
1717 4993 1828 5060 Quotam
1849 4987 2009 5057 singultans·

1215 5081 1283 5132 tibus
1310 5098 1355 5150 per
1382 5097 1497 5131 mensem
1529 5081 1656 5146 eirasmodi
1687 5095 1822 5134 romanum
1842 5075 2007 5133 ersolreurlam

1213 5167 1336 5218 distincte
1359 5163 1469 5216 exbibet
1495 5165 1605 5233 Sprenq.
1629 5165 1656 5216 d.
1678 5175 1711 5217 tr.
1734 5166 1784 5220 sub
1794 5165 1904 5235 finees,
1924 5180 1949 5232 p·
1976 5176 2005 5208 ¹¹¹·

1213 5247 1290 5300 1127.
1305 5265 1375 5318 seqq.

1247 5333 1312 5386 Cum
1327 5347 1413 5386 autem
1428 5334 1455 5386 iu
1469 5334 1547 5386 hocce
1561 5333 1638 5388 modo
1652 5352 1702 5388 non
1718 5336 1838 5389 mediatis
1849 5335 1921 5388 etiam
1933 5326 2005 5394 impe'·
2019 5363 2062 5418 2⁰7

1211 5419 1245 5469 rii
1259 5419 1381 5480 sratoliris,
1395 5419 1435 5470 uti
1450 5421 1477 5469 in
1489 5420 1621 5471 communi
1642 5422 1765 5483 rlenrriu,
1786 5421 1829 5474 aad
1847 5420 1904 5473 solie
1923 5416 2002 5466 immr-

1209 5499 1299 5561 rliatis,
1312 5499 1409 5550 directo
1420 5498 1524 5553 collecte
1538 5501 1698 5572 importatur,
1725 5501 1819 5556 Kloclt.
1840 5521 1860 5556 c.
1874 5502 1897 5552 2.
1915 5515 1939 5549 n.
1950 5491 2003 5544 ¹¹5·

1209 5585 1236 5636 iu
1258 5583 1327 5636 med.
1347 5583 1442 5640 borum
1454 5603 1515 5641 rero
1533 5587 1633 5640 reditus
1651 5587 1766 5640 consueti
1782 5600 1806 5643 et
1825 5587 1885 5640 bona
1901 5593 1999 5632 carrarca·

1202 3397 1236 3454 ,12
1255 3398 1523 3466 nam.173.Exquo
1543 3403 1606 3470 ipso'
1623 3415 1744 3471 apparet,
1765 3421 1867 3458 certum
1895 3407 2027 3458 hominurn
2042 3433 2082 3488 2⁰3
2147 3379 2148 3430 i

2045 5943 2142 6074 s
