4408 6210
200 287 255 349 211
595 289 644 346 DF.
662 289 808 346 nerunt
827 289 873 346 ΕΤ
891 287 1083 346 UTlthtlTE
1101 289 1403 346 CdThlthThlthl.
1725 285 1778 344 162

157 384 283 472 minis,
320 382 350 453 sl
390 380 625 471 ullae'aliae,
659 399 756 454 certe
800 390 1007 482 provinciae
1051 382 1384 480 brandenburgicae
1425 386 1589 457 verrerari
1634 409 1818 460 necessum

158 486 310 559 habent:
338 488 473 582 qnippe
501 485 610 555 variis
636 480 853 556 fluminibus
888 485 970 556 illas
1004 498 1148 555 ornatas
1176 509 1268 574 esse,
1297 491 1412 556 trotius
1449 497 1521 570 est,
1548 509 1657 583 quam
1695 500 1733 557 ut
1767 489 1823 558 hic

158 587 362 657 enumerari
398 595 592 666 mereatur.
628 583 765 654 Verum
804 608 888 654 cum
917 583 1123 656 lanceolam
1161 601 1308 656 naturae
1342 583 1556 656 beneficium
1593 593 1657 675 sit,
1684 587 1823 660 dudum

159 712 179 760 e
216 681 414 784 majoribus
447 705 648 782 possessum
674 708 716 756 ac
743 697 976 782 usurpatum,
1004 685 1040 756 id
1079 699 1202 756 tamen
1240 698 1360 756 nostra
1402 685 1575 756 memoria
1610 711 1721 784 quam
1751 711 1825 760 ma-

160 787 256 857 xime
298 783 559 856 admirandum
594 784 766 870 occurrit,
797 782 898 882 qnod
935 786 1091 857 summis
1127 783 1183 854 his
1220 796 1369 858 naturae
1413 783 1597 856 beneficiis
1639 786 1823 882 incompa-

162 885 270 956 rabili
304 883 366 956 illa
403 884 614 982 prudentia,
647 882 803 958 duorum
840 885 1177 979 potentissimorum
1213 884 1429 968 electorum,
1464 899 1583 982 patre,
1619 888 1692 984 jam
1731 889 1824 958 inter

162 984 308 1055 coelites
343 981 610 1080 triumphante,
643 991 682 1051 'et
717 981 808 1069 lilio,
844 987 917 1080 jam
952 984 1107 1078 gloriose
1137 1007 1201 1082 per
1237 985 1297 1054 Dei
1329 986 1481 1078 gratiam
1511 990 1614 1054 terris
1651 983 1826 1055 branden-

163 1083 318 1180 burgicis
359 1086 580 1180 imperante,
617 1094 760 1151 tantum
795 1087 981 1153 accesserit
1027 1087 1062 1153 in
1099 1083 1339 1184 promovende
1386 1085 1617 1180 navigatione
1653 1109 1824 1182 augmen·

165 1197 266 1274 tum,
294 1195 333 1254 ut
368 1182 534 1253 dubitare
569 1180 694 1270 liceat,
727 1204 771 1252 an
808 1183 876 1252 arti
906 1181 985 1280 plus
1015 1207 1054 1254 ac
1081 1184 1269 1282 stupendis
1295 1181 1485 1281 operibus,
1510 1207 1621 1280 quam
1650 1183 1825 1257 naturalis

164 1281 328 1358 ssnnriuis
365 1283 529 1358 decursui
565 1295 755 1378 acceptum
791 1281 883 1352 serre
916 1281 1072 1354 debeant
1106 1282 1254 1356 subditi.
1289 1282 1500 1356 Cataractae
1535 1281 1614 1356 illas
1649 1283 1825 1382 intelligo,

166 1381 297 1483 quibus
334 1408 397 1482 per
429 1406 594 1456 arenosos
633 1394 771 1454 montes
798 1380 974 1454 Vindium
1006 1384 1145 1471 Saevo,
1176 1395 1211 1452 et
1248 1383 1297 1454 sic
1327 1384 1436 1454 etiam
1473 1405 1649 1455 oceanum
1687 1399 1827 1456 utrum·

165 1508 236 1582 que
268 1481 336 1553 sibi
372 1487 492 1582 junxit
526 1481 734 1552 Fridericus
768 1480 993 1552 Willrelmus
1029 1499 1259 1580 magnumst
1292 1507 1400 1580 quas,
1426 1505 1496 1553 rron
1535 1482 1655 1580 procul
1690 1482 1735 1554 ab
1762 1488 1827 1557 lrac

70 1615 73 1618 ·
167 1591 177 1656 i
206 1608 240 1655 sa
272 1586 435 1664 civitate.
470 1582 656 1654 immensis
691 1581 897 1676 sumptibus
934 1584 970 1652 in
999 1583 1080 1654 Sala
1114 1582 1282 1670 flumine,
1319 1582 1424 1652 hodie
1458 1585 1572 1653 extrui
1611 1581 1774 1656 videmus
1807 1611 1826 1658 a

151 1609 353 1756 ‘luderico
388 1682 455 1753 tlt.
495 1683 661 1753 Electore
695 1682 970 1779 sapientissimo.
1004 1685 1106 1775 Quae
1144 1687 1217 1782 ipsa
1251 1705 1323 1771 res,
1358 1707 1441 1753 cum
1476 1683 1512 1752 in
1548 1699 1738 1781 conspectu
1765 1709 1828 1759 no·

167 1795 244 1856 stro
269 1795 459 1882 peragatur
491 1781 672 1880 quotidie,
699 1792 736 1853 et
769 1779 941 1876 singulari
976 1783 1133 1880 quodam
1164 1782 1305 1860 vinculo
1331 1779 1376 1854 ad
1401 1782 1537 1854 almam
1577 1797 1736 1856 nostram
1768 1784 1828 1857 fri·

166 1883 387 1958 derisionem
423 1886 617 1981 pertineat,
654 1893 776 1978 utpote
812 1879 904 1954 hanc
940 1906 1023 1954 curn
1052 1907 1123 1956 una
1152 1884 1210 1955 die
1235 1882 1387 1956 solemni
1415 1883 1685 1980 inauguratione
1718 1882 1828 1960 bona·

171 2007 255 2056 rntn
284 1985 463 2056 mentium
490 1982 651 2054 culturae
677 1992 915 2052 currsecrasset
948 1986 1194 2057 serenissimus
1229 1987 1415 2082 princeps,
1440 1983 1552 2054 altera
1579 1982 1640 2054 die
1667 1988 1826 2082 primum
1914 2009 1916 2014 ·

170 2085 327 2184 lapidem
364 2107 474 2155 manu
509 2107 570 2152 sua
606 2081 723 2178 posuit
760 2081 899 2178 primae
934 2085 971 2154 in
1009 2080 1161 2154 [lumine
1197 2097 1316 2155 nostro
1341 2096 1562 2170 cataractae,
1588 2107 1681 2180 quae
1716 2109 1825 2184 prope

170 2185 320 2258 Troiam
357 2197 433 2256 est:
461 2205 586 2255 ansam
615 2177 716 2251 nobis
750 2181 1014 2280 suppeditavit,
1041 2187 1237 2283 specimine
1262 2183 1420 2282 quodam
1448 2185 1655 2256 academico
1683 2183 1829 2285 dejure

168 2296 434 2358 cataractarum
469 2282 619 2380 agendi,
652 2294 688 2352 et
722 2305 814 2379 quae
845 2283 939 2352 circa
974 2280 1055 2354 illas
1099 2285 1135 2355 in
1171 2285 1452 2358 controversiam
1497 2281 1672 2354 forensem
1705 2289 1826 2356 venire

168 2384 306 2486 possint
341 2395 549 2472 momenta,
586 2382 706 2480 paucis
736 2381 949 2478 exponendi.
977 2381 1159 2480 Equidem
1195 2383 1261 2456 hoc
1297 2383 1417 2455 tlrema
1451 2407 1640 2480 occupasse
1667 2387 1740 2482 jam
1779 2387 1828 2456 vi·

169 2485 276 2560 detur
309 2481 530 2556 clarissimus
567 2489 637 2569 vir,
666 2479 721 2552 Jo.
756 2478 972 2569 Herbinius,
1007 2483 1044 2554 in
1082 2497 1236 2555 tractatu
1270 2483 1316 2556 de
1347 2482 1574 2555 admirandis
1607 2483 1735 2554 mundi
1770 2509 1829 2556 ca·

167 2585 333 2674 taractis,
367 2583 428 2656 sed
463 2586 492 2655 is
525 2580 692 2652 historice
723 2581 845 2652 omnia
878 2580 1043 2679 perfecit,
1070 2595 1105 2652 et
1131 2585 1224 2654 circa
1252 2595 1450 2656 cataractas
1475 2586 1651 2671 marinas,
1677 2581 1828 2681 scyllas,

170 2697 281 2784 atque
312 2681 535 2783 charybdes,
571 2679 670 2752 idem
705 2681 797 2752 circa
825 2677 1038 2772 fluviatiles,
1064 2681 1159 2770 Nili,
1186 2682 1299 2754 Rheni
1326 2683 1485 2782 aliasque
1513 2683 1655 2773 haeret,
1690 2697 1826 2754 trustra·

168 2809 248 2856 rum
284 2794 406 2858 autem
451 2793 711 2856 cataractarum
752 2781 848 2850 inter
882 2781 933 2852 im
964 2783 1095 2880 roprias
1137 2783 1230 2856 binis
1272 2783 1402 2856 saltem
1447 2779 1566 2854 verbis
1602 2785 1825 2856 mentionem

166 2885 300 2986 injicit;
334 2882 380 2956 de
412 2884 489 2973 jure
518 2894 642 2954 autem
686 2877 793 2979 plane
826 2902 896 2954 non
936 2805 1003 2952 luit
1045 2879 1240 2976 sollicitus,
1273 2881 1320 2956 de
1363 2908 1435 2981 quo
1470 2896 1593 2956 tamen
1635 2907 1700 2954 nos
1735 2884 1828 2958 hanc

166 2985 455 3058 dissertationem
490 2981 779 3079 conscripsimus.
817 2979 969 3053 Factum
1007 2983 1071 3054 huc
1105 2999 1177 3070 est,
1213 3011 1277 3082 pro
1325 2985 1459 3077 ingenii
1505 2980 1669 3070 modulo,
1712 3007 1751 3054 ea
1788 2985 1829 3054 li·

170 3083 327 3175 bertate,
364 3109 458 3183 quae
491 3083 529 3154 in
568 3081 761 3152 academiis
794 3083 964 3179 permissa
1006 3081 1189 3181 hucusque
1224 3084 1302 3154 tuis.
1335 3083 1430 3153 Hinc
1465 3084 1493 3152 si
1531 3107 1595 3180 pro
1628 3085 1828 3180 argumenti

169 3190 345 3283 gravitate
381 3184 438 3257 vel
475 3185 596 3253 minus
629 3191 771 3270 ornate,
807 3180 865 3250 vel
906 3185 1027 3251 minus
1062 3196 1183 3272 caute,
1221 3181 1277 3253 vel
1325 3183 1430 3281 plane
1464 3203 1526 3280 per
1570 3205 1724 3252 errorem
1764 3181 1830 3252 ali-

167 3285 257 3383 quid
290 3307 354 3358 nos
380 3285 563 3382 scripsisse
597 3280 764 3368 senseris,
797 3277 970 3352 benevole
1006 3282 1133 3369 lactor,
1164 3307 1204 3354 eo
1242 3283 1502 3381 promptiorem
1548 3280 1650 3351 nobis
1685 3279 1829 3380 pollice·

170 3411 253 3458 mur
289 3385 452 3472 reniam,
488 3407 559 3480 qno
603 3381 716 3477 magis
753 3379 839 3452 haec
884 3383 1032 3452 materia
1067 3393 1164 3452 certo
1199 3385 1275 3474 jure
1316 3383 1541 3469 destituitur,
1571 3381 1642 3469 ita,
1672 3394 1711 3453 nt
1752 3405 1825 3454 non

168 3484 284 3558 verbis
312 3483 452 3580 legum,
478 3483 540 3556 sed
576 3481 773 3553 ratiociniis
800 3477 1015 3579 plerumque
1039 3483 1291 3580 componenda
1321 3481 1436 3554 inerit.
1462 3481 1555 3552 Deus
1584 3477 1685 3552 nobis
1710 3479 1830 3570 adsit,

168 3599 229 3674 nt,
255 3596 425 3656 monente
460 3584 679 3681 imperatore
713 3592 834 3652 nostro
871 3578 1096 3670 iustiniano,
1125 3605 1268 3680 operam
1300 3583 1414 3674 hanc,
1440 3585 1540 3678 quasi
1578 3605 1639 3680 per
1668 3581 1829 3655 medium

167 3683 386 3786 profundum
413 3696 558 3774 euntes,
582 3677 725 3756 coelesti
755 3677 873 3753 lavore
898 3679 1176 3781 adimpleamus.

835 3883 1078 3956 CAPUT
1125 3889 1152 3957 1.

634 4079 691 4148 Dc
714 4093 842 4148 natura
865 4093 898 4148 et
919 4079 1072 4151 utilitate
1094 4098 1365 4153 cataractarum.

391 4261 417 4320 c
430 4259 562 4315 011111
577 4257 642 4316 Ec
658 4257 685 4310 Y
695 4258 756 4314 vs
1023 4257 1236 4314 cataractarum
1267 4259 1346 4330 origo
1375 4267 1403 4314 ss
1428 4260 1545 4332 uestigia
1577 4277 1613 4315 ees
1644 4260 1710 4330 iure
1737 4263 1836 4323 dirius.

1058 4341 1140 4410 511.

158 4425 492 4502 Ingressuscasitis.5·1.
1025 4424 1067 4478 Da
1095 4427 1217 4481 aersicsrs
1243 4425 1427 4496 germanicas
1458 4427 1579 4483 Ferestar
1608 4430 1652 4485 des
1681 4435 1822 4491 Himeraeis.

160 4515 240 4572 Juris
251 4509 426 4584 significatis.
437 4517 459 4574 ς.
473 4511 499 4564 2.
1058 4514 1082 4570 ς.
1097 4511 1137 4563 tt.

156 4601 366 4655 cataractarum
380 4593 521 4652 deriuatio·
534 4599 557 4657 ς.
570 4594 597 4647 8.
1023 4591 1152 4660 Bituricus
1166 4589 1236 4646 sacis
1249 4594 1368 4663 acceptia
1380 4593 1588 4661 aaudssaitcm.
1600 4598 1676 4660 518.

157 4681 292 4751 Ejusdem
305 4677 510 4748 orthographia.
522 4678 545 4748 5.
563 4676 588 4730 1.
1025 4681 1073 4731 Aa
1086 4677 1116 4730 irs
1128 4678 1219 4734 Frisia
1228 4677 1497 4750 cataractaesusriat
1508 4692 1573 4738 ante
1585 4693 1680 4740 reatum
1695 4683 1836 4742 Uiriatum.

156 4762 345 4834 Antiquitas,
360 4758 791 4824 miseratamiserata&
1060 4762 1138 4828 510.

156 4848 204 4902 De
213 4847 302 4918 partis
312 4845 468 4910 pensilibus.
482 4843 506 4916 5.
516 4845 543 4896 1.
752 4857 754 4862 ’
1025 4846 1231 4901 cataractarum
1243 4861 1307 4902 usus
1323 4847 1439 4921 Traiani
1450 4860 1579 4921 tempra-
1591 4851 1613 4918 ς
1627 4849 1672 4903 20.

156 4929 228 4985 ’νοτ
242 4929 290 4984 iila
311 4929 392 4982 certis
413 4927 542 4998 pentibus
566 4925 734 4998 animatur.
760 4935 790 4982 as
813 4936 840 4982 et
863 4925 976 4983 carcesi.
1023 4930 1326 4999 Ramcustuseir'ects'o.
1339 4932 1364 5002 5.
1377 4933 1424 4985 tt.

195 5022 218 5078 ς.
232 5015 272 5066 t..
1027 5017 1188 5069 Cataractae
1199 5014 1274 5068 suari
1285 5019 1432 5087 appositae.
1445 5024 1465 5079 ς.
1478 5017 1522 5069 22.

158 5091 523 5172 θαιοναοτινιιωιᾰεκνίμίο
536 5096 711 5164 Νικαίας
724 5098 754 5149 8.
1025 5102 1071 5151 Are
1085 5099 1118 5152 sle
1128 5101 1275 5154 cataractis
1286 5100 1387 5170 injure
1399 5101 1520 5172 agatur?
1532 5099 1556 5172 5.
1569 5099 1615 5156 23.

155 5180 321 5250 streperas
331 5195 465 5248 aquarum
477 5179 634 5245 capiamin-
644 5179 668 5252 5.
682 5180 709 5232 9.
1024 5179 1177 5249 Descriptio
1190 5191 1390 5237 cataractarum
1403 5195 1428 5235 ss
1440 5182 1588 5240 delineatio
1599 5179 1732 5250 sassiaiis.
1744 5183 1770 5256 5.
1782 5183 1825 5238 di.

159 5262 307 5334 Quomodo
319 5263 405 5320 latias
417 5265 552 5318 dscaatur.
564 5263 590 5328 §.
604 5263 647 5315 stt
1030 5265 1171 5320 Transisse
1185 5267 1222 5320 cd
1231 5277 1388 5321 cataractas
1401 5269 1644 5340 brandenburgica
1663 5289 1682 5326 a
1699 5269 1839 5325 Fridssisa

160 5346 364 5410 uaesanae,
377 5344 703 5418 clamoremanus.
717 5348 761 5399 rs.
1008 5337 1012 5348 '
1067 5351 1210 5405 miratos
1224 5353 1669 5426 ungasaiwanamma

152 5433 203 5486 Da
214 5429 338 5486 welasa.
350 5437 372 5493 t.
389 5429 430 5482 12.
1026 5437 1069 5489 De
1080 5436 1228 5491 cataractis
1239 5435 1345 5492 sciasne
1358 5457 1376 5493 a
1388 5438 1528 5493 Fridess'ce
1545 5441 1601 5495 111.
1611 5439 1726 5495 eiectare
1737 5453 1843 5496 euersu-

155 5516 204 5569 De
223 5513 424 5567 Germanarum
437 5511 731 5585 aacsoehleuss.5.18.
1059 5519 1115 5572 atis.
1128 5518 1153 5590 5.
1165 5520 1209 5570 st.
1222 5521 1304 5574 ests.

154 5597 230 5667 laius
244 5597 354 5650 diuersa
365 5595 537 5668 significatis.
550 5595 576 5668 5.
591 5595 634 5650 tl.
1025 5604 1068 5656 De
1080 5602 1196 5658 utilitate
1209 5614 1411 5664 cataractarum
1424 5609 1617 5668 adss'steaduas
1631 5625 1741 5670 erarest
1751 5613 1843 5668 aasa-

152 5683 246 5742 Ss‘aius
254 5723 263 5756 ,
274 5683 371 5743 actura
385 5683 525 5758 Gattss·§.
541 5685 586 5750 tt,
856 5741 858 5744 ,
1060 5685 1109 5743 das
1120 5688 1219 5745 liastss.
1228 5683 1311 5758 §.en
1716 5697 1718 5704 “
