4442 6158
705 285 755 340 ιιι
772 285 960 346 metue
975 287 1184 348 ιιιιιιιιιι
1202 291 1305 350 sones
1321 275 1386 350 'ccc

863 513 1146 586 SECTIO
1191 519 1239 587 11.

277 727 336 796 De
357 727 506 821 efficacia
528 749 558 794 s.
582 727 703 818 effectu
715 730 811 820 juris
834 729 996 796 cononici
1017 731 1109 800 inter
1131 739 1346 825 augustanae
1369 736 1595 822 confessionis
1617 751 1812 806 consortes.

447 939 793 1026 sunnnttrn

200 1109 365 1166 connexio.
380 1123 407 1158 ιι.
422 1103 447 1156 7.

201 1195 247 1248 De
257 1191 385 1264 efficacia
390 1209 418 1264 J
429 1206 493 1244 ean.
509 1193 654 1261 agendum.
666 1207 695 1242 n.
707 1190 734 1242 3.

201 1278 260 1332 Dd.
276 1295 335 1331 non
348 1274 490 1346 aequalem
505 1275 696 1331 auctoritatem
713 1273 836 1330 tribuunt
856 1271 944 1330 libris.
957 1269 981 1346 ρ’
999 1291 1024 1329 c.

238 1379 315 1416 num.
329 1359 356 1413 1.

201 1449 300 1520 Aliqui
309 1448 341 1502 de
350 1446 452 1502 decreti
462 1445 624 1499 auctoretate
636 1443 768 1498 dubitant.
785 1463 813 1500 ιι.
826 1445 852 1498 6.

205 1534 342 1587 Contenta
355 1527 459 1583 decreti
468 1529 675 1598 distinguuntur.
689 1547 717 1598 rs.
730 1529 756 1580 6.

202 1615 251 1670 De
263 1613 345 1668 dictis'
357 1612 488 1665 Gratiani
497 1611 596 1681 agitur.
608 1629 636 1664 n.
650 1612 676 1662 7.

202 1701 248 1754 De
262 1697 340 1752 dictis
351 1708 458 1764 patrum
469 1705 495 1747 et
506 1695 533 1746 ll.
546 1693 675 1748 ciuilibus.
688 1713 717 1746 n.
730 1693 755 1748 3.

201 1782 347 1837 Reciditur
357 1780 490 1834 decretum
503 1778 694 1832 anctoritatem
708 1779 817 1833 leubere.
831 1796 856 1833 n.
868 1780 895 1833 3.

202 1865 394 1936 Excipiuntur
404 1863 528 1919 rubricae
540 1872 565 1915 et
575 1863 683 1932 paleae.
695 1881 724 1919 ιι.
736 1864 781 1915 1⁰.

205 1949 253 2004 De
265 1947 393 2003 rubricis.
403 1967 432 2001 n.
446 1949 496 2014 11.Ι

203 2031 340 2085 Rubricae
349 2027 519 2101 iusfisciunt.
532 2049 562 2082 ιι.
577 2029 620 2083 13.

201 2117 249 2169 De
256 2115 355 2184 paleis.
369 2133 397 2168 ιι.
410 2114 455 2168 13.

200 2199 337 2253 Diversae
350 2196 383 2252 de
394 2216 457 2254 uoce
467 2198 551 2268 palea
563 2199 725 2255 sententiae'·
738 2216 767 2252 n.
782 2199 826 2252 11.

202 2287 298 2339 Paroa
308 2283 448 2346 palearum
461 2283 620 2338 auctoritas.
634 2303 661 2337 ιι.
675 2283 717 2336 16.

200 2367 248 2420 De
261 2375 430 2421 caeterorum
442 2366 573 2421 librarum
586 2369 646 2440 jur.
658 2385 717 2421 can.
730 2367 900 2423 auctoritate.
913 2385 942 2422 ιι.
957 2363 1002 2418 13.

202 2449 344 2522 Antiquae
355 2451 530 2506 decretalium
541 2451 750 2520 compilationes
763 2453 920 2524 abrogatae.
933 2470 961 2506 ιι.
975 2452 1022 2508 17.

201 2535 248 2589 De
258 2545 374 2605 regesto.
385 2553 414 2591 ιι.
430 2535 477 2588 13.

207 2625 287 2690 Quae
297 2637 358 2676 voa
370 2621 486 2676 occurrit
498 2621 527 2676 in
536 2621 607 2692 iure.
619 2640 646 2676 ιι.
661 2622 705 2676 13.

206 2703 283 2770 Quid
293 2703 348 2758 sint
357 2715 471 2774 regesta.
484 2723 511 2757 ιι.
522 2705 567 2756 20.

203 2787 242 2840 In
256 2804 319 2843 casu
331 2787 413 2842 dubio
426 2789 465 2844 ad
473 2799 605 2859 regestum
618 2804 754 2844 recurrere
765 2788 834 2842 licet.
847 2807 876 2844 n.
887 2789 930 2842 21.

201 2872 337 2942 Septimus
350 2870 528 2930 decretalium
542 2870 665 2926 reundum
687 2871 867 2944 confirmatus
889 2891 920 2927 a‘
933 2886 1019 2942 popa.

235 2973 266 3008 n.
278 2955 323 3008 tt.

200 3037 280 3093 Idem
293 3039 326 3093 de
339 3035 555 3093 institutionibus
566 3036 736 3094 lancellotti.
749 3056 778 3091 ιι.
790 3039 835 3092 73.

203 3125 341 3179 Videntur
350 3134 443 3178 tomen
455 3125 540 3178 tacito
554 3139 689 3178 contenere
701 3122 854 3194 approbati.
866 3139 896 3176 n.
908 3121 953 3173 21.

205 3208 309 3262 Valent
321 3207 366 3262 lib.
374 3206 432 3279 iar.
445 3225 508 3262 can.
521 3209 552 3260 in
565 3207 617 3262 sim
627 3208 703 3280 legeb-
715 3227 742 3263 n.
760 3209 802 3260 23.

203 3289 314 3361 Obligat
325 3310 350 3345 e·
363 3307 390 3344 a.
401 3307 426 3344 o.
436 3307 510 3344 cons.
523 3308 550 3342 ιι.
565 3290 609 3341 to.

201 3377 349 3445 Quomque
358 3374 509 3428 oatlsole'cos
521 3382 546 3426 et
559 3391 586 3426 a.
599 3389 624 3425 o.
636 3391 659 3426 c.
672 3373 780 3444 obliget.
793 3391 821 3426 ιι.
833 3371 878 3424 17.

200 3459 266 3517 dut.
280 3458 331 3512 cio·
342 3468 369 3512 et
380 3475 440 3512 can.
453 3455 482 3509 in
497 3475 581 3513 unam
595 3454 806 3510 consonantiam
829 3454 927 3510 coiisse
939 3471 956 3506 a
975 3449 1020 3507 dd.

236 3541 362 3596 traditur.
374 3563 402 3597 ιι.
415 3535 516 3594 tulto.
532 3541 575 3592 30.
589 3540 632 3591 31.
645 3549 670 3593 et
684 3539 727 3591 33.

199 3627 277 3682 Eum
294 3628 324 3682 in
333 3621 427 3694 finem
445 3623 556 3696 regulae
575 3641 593 3679 a
611 3621 763 3678 doctoribus
782 3617 1020 3688 1V0sormantur.

237 3727 268 3761 n.
280 3709 325 3761 33.

199 3789 473 3847 Iiomanocatleolici
495 3789 525 3844 in
551 3787 677 3871 omn-ibus
700 3787 789 3842 causis
811 3792 962 3855 sequuntur
971 3783 1022 3856 jue

238 3891 300 3932 can.
314 3893 342 3927 n.
355 3875 400 3928 tte

198 3959 352 4016 limitatur
363 3957 418 4012 nebi
423 3956 512 4012 statui
515 3956 623 4028 publico
635 3954 825 4011 contrarietur·
839 3972 866 4007 ιι.
880 3951 923 4006 33.

200 4047 269 4101 Νοιι
283 4041 432 4099 attenditur
439 4041 486 4112 ius
497 4057 560 4095 can.
582 4039 693 4110 quondo
709 4047 875 4106 protestatur
890 4035 972 4107 ponti
984 4051 1019 4089 eu

237 4137 335 4183 contra
350 4127 484 4182 bonorum
495 4123 847 4192 ecclesiasticorumjaetam
858 4121 1021 4177 seculore'so·

239 4214 354 4268 tionem.
365 4229 394 4264 ιι.
408 4209 452 4264 33.

200 4302 238 4351 In
252 4298 377 4351 s'eetnem.
383 4292 461 4364 pacis
468 4309 525 4348 oen.
534 4291 694 4364 rejiciantur
706 4305 800 4344 omnes
806 4284 1021 4359 protestationes.

239 4401 268 4436 ιι.
279 4381 322 4436 37.
360 4377 365 4384 ’

201 4456 479 4534 Protettatisuereent
495 4460 638 4534 pontifices
651 4469 747 4514 contra
764 4455 912 4512 secularem
928 4455 957 4510 in
975 4469 1018 4508 eo·

239 4549 399 4604 cleeiasticie
406 4555 577 4620 potettotem.
591 4565 620 4598 ιι.
630 4546 673 4598 33.

201 4635 305 4692 Adbuc
316 4633 467 4690 nouissime
477 4648 526 4702 per
535 4630 656 4688 Fabium
670 4629 800 4685 Cbisium.
812 4645 840 4681 n.
852 4628 896 4681 33.

203 4717 420 4774 Protestationes
431 4716 497 4772 illae
508 4715 669 4786 rejiciuntur
690 4715 721 4768 e‘n
732 4713 914 4782 instrumento
932 4711 1020 4784 pacis.

239 4821 267 4856 ιι.
281 4803 325 4855 10.
495 4807 496 4810 ’

203 4884 341 4956 I’ontffici
353 4885 461 4942 nullum
469 4883 517 4955 ius
528 4899 613 4952 supra
625 4881 776 4938 dominium
787 4881 911 4938 eminens
933 4891 1017 4938 statu·

241 4989 287 5024 sem
297 4971 359 5036 imp.
372 4967 509 5037 competit.
520 4987 549 5020 ιι.
563 4965 608 5021 11.

207 5052 340 5124 Quicquid
346 5051 445 5122 pontifi
457 5051 557 5114 lrabet,
571 5051 651 5106 babet
660 5071 698 5109 etc
708 5050 904 5107 transactione.
917 5066 944 5104 ιι.
956 5046 1000 5102 11.

210 5148 243 5214 ρ.
252 5153 301 5207 per
310 5145 440 5192 transcat.
454 5134 591 5188 lnonoeee.
605 5157 630 5207 q.
645 5137 683 5192 ad
690 5145 779 5208 ponet.
792 5135 969 5188 transieritn.
983 5131 1018 5185 13

203 5219 373 5275 Investitura
385 5233 438 5288 per
456 5227 587 5288 sceptrum
607 5215 778 5292 expedienda
800 5237 842 5288 ap
863 5216 955 5292 imper.
973 5233 1017 5270 re·

243 5303 354 5366 mamit-
366 5320 393 5357 ιι.
408 5300 453 5357 11.
797 5347 802 5357 .

207 5387 415 5460 ρηίιίριιίδιιιιι
428 5387 542 5443 transiit
565 5385 605 5442 ad
623 5406 723 5460 papum
739 5405 789 5455 per
806 5385 1019 5444 mutationem

238 5473 310 5540 apud
320 5471 509 5544 imperatorem
522 5471 663 5528 remansit.
677 5493 705 5526 ιι.
717 5472 759 5530 tt.

205 5558 276 5612 Inde
289 5556 366 5612 nulla
375 5554 501 5628 pontifici
509 5557 680 5624 protestandi
686 5569 815 5628 potestas.
827 5575 856 5612 n.
868 5553 913 5612 13.

204 5641 251 5696 Ile
267 5639 428 5712 pontificum
441 5641 470 5694 in
482 5641 567 5703 tutta
576 5650 716 5716 potestate·
728 5661 758 5698 ιι.
770 5641 814 5698 17.

296 5721 402 5794 Strylsii
422 5723 483 5786 Vol.
502 5727 537 5783 Χ.
558 5724 561 5732 ’

1077 941 1120 994 De
1153 941 1332 1076 ffgmtantini
1358 961 1394 998 ιιι.
1425 942 1537 1000 Pseudo
1567 943 1720 1000 donatione
1743 942 1889 1002 remiseirel

1111 1043 1142 1078 ιι.
1191 1062 1198 1076 .

1075 1106 1165 1160 Aliud
1173 1108 1341 1192 exemplum,
1354 1127 1406 1178 cuo
1413 1109 1478 1182 juri
1487 1128 1551 1167 can.
1564 1111 1636 1167 iuter
1660 1113 1889 1170 romanocatbo·

1109 1193 1176 1248 licot
1187 1193 1356 1264 derogatum.
1368 1214 1397 1248 ιι.
1409 1194 1451 1248 tt).

1077 1279 1163 1332 Casus
1172 1277 1269 1348 aliquis
1277 1277 1450 1348 proponitur.
1469 1296 1495 1330 n.
1508 1279 1551 1332 36.

1076 1362 1166 1414 Aliud
1177 1363 1329 1432 exemplum
1343 1362 1375 1415 de
1387 1363 1537 1433 episcopatu
1549 1359 1750 1432 osnabrugensi.
1764 1378 1791 1416 n.
1803 1359 1849 1412 61.

1075 1446 1158 1499 Ilatio
1176 1445 1211 1499 ob
1230 1463 1314 1516 cuam
1332 1463 1365 1500 eo
1384 1463 1459 1502 nexu
1475 1463 1504 1500 se
1520 1445 1667 1516 obligarint
1682 1453 1772 1502 statas
1796 1441 1891 1514 imper.

1131 1529 1200 1584 .t52.

1072 1548 1164 1667 Stdtus
1176 1626 1240 1668 sunt
1249 1633 1338 1685 popae
1350 1614 1380 1668 in
1392 1628 1442 1668 tuo
1456 1612 1606 1670 territorio·
1618 1631 1647 1668 ιι.
1659 1614 1705 1668 bt.

1079 1697 1151 1764 Quid
1166 1696 1203 1750 eit
1220 1697 1369 1750 dominium
1387 1695 1517 1750 eminens.
1536 1715 1564 1749 n.
1581 1693 1623 1750 61.

1074 1780 1210 1833 Idu-tendit
1219 1800 1247 1834 se
1257 1783 1294 1836 ad
1306 1782 1378 1836 bono
1392 1780 1484 1835 eccles.
1498 1797 1525 1831 n.
1541 1781 1584 1831 33.

1073 1865 1229 1918 Lineitatam
1254 1865 1447 1920 auctoritatem
1465 1865 1539 1936 juris
1563 1883 1626 1918 con.
1644 1873 1718 1920 enter
1735 1861 1892 1936 pontificios
1986 1874 1990 1882 “

1109 1953 1166 2005 alio
1181 1953 1271 2005 adleuc
1283 1953 1411 2021 exemplo
1422 1952 1564 2021 probatum
1578 1951 1665 2006 datur.
1679 1969 1707 2002 n.
1721 1951 1765 2002 36.

1074 2037 1106 2087 R.
1118 2035 1262 2104 pontefices
1275 2035 1383 2106 collegii
1396 2035 1549 2090 electoralis
1568 2033 1701 2104 originem
1725 2033 1776 2088 sibi
1792 2033 1893 2090 adscri-

1110 2119 1184 2174 buret.
1197 2138 1224 2172 n.
1238 2121 1284 2172 67.

1073 2205 1141 2260 Cum
1154 2215 1242 2258 tamen
1257 2205 1335 2274 origo
1350 2204 1407 2276 ejus
1418 2205 1532 2260 incerta.
1548 2223 1575 2256 re.
1590 2203 1633 2256 33.

1072 2297 1168 2346 Pontt.
1193 2288 1246 2344 eibi
1273 2288 1493 2360 superioritatem
1509 2281 1546 2342 'in
1569 2287 1697 2344 etecsaree
1720 2285 1890 2344 adscribunt·

1110 2392 1137 2424 ιι.
1151 2373 1195 2424 60.

1071 2458 1148 2512 Haec
1160 2465 1254 2508 contro
1264 2454 1389 2510 electores
1414 2453 1530 2526 allegari
1551 2454 1733 2525 probibentur
1758 2468 1817 2526 arg.
1835 2459 1887 2506 art.

1113 2543 1196 2594 VIII.
1209 2540 1283 2594 instr.
1296 2557 1357 2606 poe.
1370 2557 1397 2591 ιι.
1409 2540 1454 2591 31.

1070 2623 1287 2694 capitulationes
1299 2640 1444 2680 caesareae
1458 2622 1548 2692 adjus
1557 2637 1619 2676 can.
1629 2629 1781 2692 provocant
1790 2617 1889 2676 intuitu

1107 2705 1254 2761 electionis.
1268 2726 1296 2760 n.
1307 2708 1352 2759 63.

1072 2791 1125 2845 set
1135 2809 1192 2844 non
1205 2789 1316 2846 obstaret
1328 2799 1429 2842 asserto
1444 2797 1546 2842 nostro.
1559 2806 1588 2841 n.
1601 2787 1646 2842 33.

1069 2875 1231 2929 Auctoritas
1243 2875 1389 2928 electorum
1403 2875 1431 2927 in
1448 2875 1509 2944 iure
1530 2891 1592 2928 can·
1611 2871 1758 2942 exponitur
1781 2872 1886 2940 pericu·

1104 2961 1148 3026 lo,
1166 2969 1194 3015 et
1209 2961 1364 3030 refutantur
1374 2958 1441 3028 juro
1458 2978 1520 3016 can.
1539 2979 1570 3014 eo
1588 2969 1708 3030 respectu
1738 2957 1885 3014 remissive.

1106 3063 1135 3095 se.
1146 3043 1189 3095 61.

1072 3129 1154 3183 Alius
1165 3144 1242 3182 casus
1254 3147 1305 3198 ouo
1319 3141 1403 3184 cessat
1407 3132 1457 3202 jus
1468 3147 1530 3184 can.
1541 3150 1568 3184 ιι.
1581 3132 1624 3184 36.

1071 3211 1152 3268 Boreo
1169 3213 1348 3266 ecclesiastica
1373 3215 1454 3270 leodis
1477 3215 1653 3270 contribuunt
1674 3213 1733 3268 eine
1756 3229 1890 3270 consensu

1102 3295 1246 3366 pontificis.
1257 3315 1284 3349 n.
1297 3298 1340 3350 66.

1072 3378 1174 3448 Regula
1190 3399 1225 3434 ea
1235 3380 1362 3436 instrum.
1373 3396 1434 3444 pac.
1441 3381 1594 3449 firmatur.
1607 3398 1636 3432 ιι.
1650 3379 1693 3432 37.

1071 3465 1106 3517 In
1119 3463 1214 3533 quibus
1226 3482 1290 3535 ang.
1303 3463 1421 3535 consess.
1433 3481 1506 3520 cons·
1518 3467 1567 3538 jut
1585 3464 1750 3520 canonicum
1775 3482 1833 3524 non
1850 3480 1888 3522 te·

1106 3558 1235 3616 quantur.
1249 3567 1278 3602 ιι.
1291 3548 1337 3601 33.

1071 3633 1106 3684 In
1119 3632 1153 3684 iis
1171 3647 1207 3685 se.
1221 3631 1268 3686 ubi
1278 3629 1444 3685 conscientia
1457 3627 1582 3686 laeditur.
1595 3646 1625 3681 n.
1637 3627 1681 3680 33.

1073 3717 1108 3768 In
1137 3714 1225 3783 speeie
1253 3715 1419 3770 observatur
1444 3711 1462 3766 ι’.
1491 3712 1522 3765 in
1553 3713 1640 3766 causis
1668 3707 1863 3766 ecclesiasticis.

1107 3815 1135 3849 ιι.
1149 3799 1193 3851 70.

1072 3882 1147 3935 Jura
1164 3880 1291 3950 quaedam
1309 3890 1512 3947 enumerantur,
1522 3879 1551 3932 in
1565 3880 1660 3951 quibus
1671 3887 1756 3935 cessat
1765 3877 1814 3950 jue
1826 3892 1886 3932 can.

1103 3965 1174 4018 inter
1185 3982 1212 4016 a.
1224 3982 1247 4018 c.
1260 3983 1281 4018 a.
1297 3982 1325 4016 n.
1338 3967 1384 4018 71.

1071 4049 1197 4103 Modesto
1210 4057 1272 4102 sunt
1285 4048 1367 4102 uerba
1379 4048 1504 4102 instrum.
1519 4066 1578 4116 pac.
1593 4065 1621 4100 ιι.
1633 4045 1677 4099 *12

1076 4135 1140 4187 Tres
1153 4135 1181 4186 ire
1193 4131 1305 4204 imperio
1317 4151 1434 4188 romono
1453 4131 1597 4204 religiones
1609 4138 1738 4196 receptae.
1747 4146 1774 4182 n.
1784 4129 1827 4182 73.

1071 4218 1203 4270 Annatae
1219 4213 1291 4269 unde
1309 4215 1396 4272 dictae
1414 4225 1440 4270 et
1457 4217 1522 4287 quid
1539 4213 1617 4268 sint?
1629 4234 1658 4268 n.
1670 4213 1715 4267 71.

1070 4301 1144 4352 Ante
1164 4299 1231 4352 Jolr.
1257 4299 1351 4352 xnrt.
1381 4315 1412 4353 eo
1440 4313 1522 4354 sensu
1550 4300 1673 4354 nondum
1701 4299 1889 4352 innotuerunt.

1107 4401 1135 4438 n.
1153 4383 1198 4436 76.

1073 4465 1128 4519 Nec
1140 4465 1168 4519 in
1182 4483 1243 4525 nou.
1258 4485 1287 4520 n.
1300 4465 1363 4520 133.
1374 4467 1574 4538 intelliguntur.
1589 4485 1616 4520 ιι.
1629 4467 1674 4519 76.

1073 4549 1183 4603 Colores
1195 4565 1264 4620 quoe
1272 4551 1307 4604 ob
1316 4551 1347 4604 id
1354 4549 1496 4621 pontifices
1504 4550 1726 4622 praetendebant.
1741 4567 1770 4605 n.
1782 4549 1827 4604 77.

1077 4629 1150 4699 Quid
1158 4634 1194 4686 sit
1200 4635 1365 4705 pottagium.
1380 4651 1406 4686 n·
1420 4637 1464 4687 73.

1072 4719 1192 4789 Magnos
1222 4717 1317 4774 leabuit
1341 4729 1488 4790 prouentus
1517 4721 1626 4776 annotie
1654 4719 1728 4774 sedes
1756 4733 1888 4772 romanu.

1108 4822 1135 4857 ιι.
1154 4804 1199 4858 to.

1075 4887 1150 4943 Galli
1164 4879 1277 4944 annatie
1288 4903 1318 4944 te
1328 4887 1532 4945 subtraxerunt.
1547 4907 1575 4943 n.
1588 4887 1633 4943 36.

1075 4971 1168 5025 Gallos
1178 4971 1300 5028 imitatae
1311 4970 1382 5028 aliae
1391 4983 1495 5042 gentes.
1505 4992 1532 5025 n.
1548 4973 1593 5025 31.

1074 5057 1274 5112 Germanorum
1286 5067 1383 5112 contra
1396 5067 1515 5112 annotat
1525 5057 1745 5126 protestationes.
1760 5072 1788 5108 ιι.
1803 5053 1848 5108 31.

1073 5139 1166 5194 Caroli
1179 5143 1211 5196 V.
1224 5141 1347 5210 imperat.
1358 5139 1432 5194 circa
1446 5155 1492 5195 eas
1505 5138 1674 5194 desiderium.
1687 5157 1714 5194 ιι.
1728 5139 1772 5191 83.

1073 5221 1206 5276 Ords'num
1218 5221 1326 5290 imperii
1335 5220 1472 5290 querelae.
1486 5238 1515 5274 n.
1527 5219 1572 5274 31.

1070 5303 1244 5372 Responsum
1260 5303 1357 5359 nuncii
1373 5301 1516 5372 apostolici
1540 5301 1578 5358 ad
1600 5302 1690 5360 dictes
1712 5300 1885 5372 objectiones.

1107 5403 1134 5440 n·
1150 5385 1196 5440 st.

1072 5474 1107 5527 In
1120 5468 1296 5528 concordatis
1309 5471 1475 5529 Germaniae
1489 5469 1536 5540 ius
1548 5479 1711 5530 ennetorum
1725 5473 1886 5530 restrictum.

1107 5571 1137 5609 tl·
1154 5556 1199 5611 86·

1072 5637 1148 5699 unu
1169 5651 1269 5700 course
1287 5651 1410 5701 annues
1429 5634 1778 5781 spuerun'gnmunu
1797 5650 1887 5700 seurue
