4336 6170
384 293 439 350 ttt
940 287 1127 356 DlSPU'l'bT.
1144 293 1204 354 vlt.
1224 295 1342 358 CAPUT
1358 299 1379 356 f.
1898 299 1953 356 tto

342 419 460 494 quam
485 389 633 465 effectus
657 389 785 463 oritur.
809 387 882 486 Qui
902 414 1043 464 coecum
1062 395 1147 468 inde
1165 399 1344 470 fortunam
1364 407 1544 494 putamus,
1561 395 1629 496 ipsi
1646 397 1737 470 coeci
1756 397 1887 472 merito
1906 424 1998 472 non·

342 517 533 593 cupomur‚
558 492 648 564 dum
675 503 843 562 naturam
870 494 1004 589 pariter
1029 503 1067 567 et,
1090 511 1205 570 artem
1234 496 1480 595 prouidentiae
1514 495 1686 570 famulam
1722 523 1797 570 esse
1831 500 1999 577 didicisse

345 595 605 666 debuissemus.
632 592 736 685 Quod
764 607 908 690 vepreto
934 592 1132 692 implicitos
1157 623 1270 696 agnus
1296 597 1467 686 haereret,
1487 595 1672 669 Abrabam
1690 601 1800 670 etiem
1818 606 1913 672 casui
1934 603 1996 672 tri·

346 691 454 764 boere
482 707 632 792 poterat,
659 703 694 762 et
720 693 814 790 qood
840 689 980 792 Moyses
1007 719 1108 768 arcae
1145 699 1306 774 inclusus
1338 696 1433 769 lilios
1467 692 1662 770 Pharaonis
1695 699 1732 770 in
1767 715 2001 800 conspectum

344 806 520 889 ageretur,
548 793 697 864 fortuito
722 794 910 889 contigisse
935 809 1054 892 patres
1080 801 1190 870 nostri
1221 800 1407 870 aestimare
1430 793 1639 888 valuissent,
1663 798 1725 870 sed
1753 796 1857 896 longa
1882 801 2000 876 edocti

343 895 449 966 aliter
477 891 651 966 ineffabili
678 894 742 964 Dei
772 895 1021 992 providentiae
1047 897 1309 970 adscribebant.
1337 898 1448 970 Unde
1473 911 1511 968 et
1535 919 1598 968 tros
1614 923 1768 998 qnoque,
1785 904 1926 997 quoties
1943 927 2000 975 ca·

344 1021 403 1066 sos
428 993 566 1092 aliquos
590 995 757 1093 inopinos
783 992 941 1066 incidere
970 996 1145 1087 videmus,
1175 1025 1193 1070 a
1222 998 1394 1098 superiori
1412 995 1533 1095 aliquo
1554 1011 1728 1096 potestate
1746 1001 1919 1098 proficisci
1940 1027 2002 1074 ne·

344 1118 440 1167 cesse
466 1108 533 1182 est,
558 1115 651 1194 quae
678 1095 899 1164 axiomatum
926 1095 1055 1190 egendi
1082 1095 1220 1192 legibus
1244 1097 1437 1170 ordinariis
1463 1096 1562 1168 nulla
1589 1111 1742 1170 tenetur.
1763 1101 1798 1171 Si
1818 1098 1917 1173 fatali
1937 1101 2002 1174 ali·

375 1221 417 1266 ua
445 1197 566 1292 itaque
593 1192 768 1266 felicitate
794 1191 968 1284 ferantur,
995 1211 1031 1268 et
1059 1197 1116 1270 vel
1137 1224 1248 1298 ,supra
1277 1212 1401 1271 votum
1430 1195 1766 1296 imprudentissime
1792 1217 1913 1300 coepte
1947 1227 2003 1276 ce·

345 1221 431 1368 dere
459 1295 658 1382 rideamus,
683 1291 747 1365 Dei
774 1291 947 1366 beneficio
971 1295 1215 1374 adscribamus
1242 1323 1382 1372 necesse
1407 1311 1480 1388 est3
1507 1311 1544 1368 et
1569 1319 1612 1370 ex
1637 1299 1792 1371 ethnicis
1816 1299 2005 1374 observare

345 1408 412 1483 est,
445 1420 527 1466 casn
553 1394 612 1467 vel
640 1393 785 1465 fortuito
812 1393 858 1465 ab
884 1397 929 1465 iis
954 1397 1092 1470 credita
1120 1399 1246 1471 multis
1272 1402 1447 1498 portentis
1473 1411 1509 1470 et
1527 1397 1680 1470 oraculis
1699 1424 1771 1472 non
1790 1423 1875 1473 raro
1893 1402 2001 1474 fuisse

344 1495 556 1591 significata3
583 1517 626 1564 ex
651 1519 722 1592 quo
757 1508 831 1566 tarn
858 1493 997 1566 fatuum
1023 1521 1159 1589 casum,
1187 1514 1227 1573 ut
1252 1502 1314 1572 alii
1343 1501 1430 1574 inde
1464 1495 1675 1589 voluerant,
1711 1497 1769 1574 vel
1801 1501 1868 1600 ipsi
1904 1502 2002 1576 liuud

344 1595 560 1682 debuissent,
585 1597 659 1666 imo
686 1593 758 1664 fere
784 1615 850 1666 uec
876 1600 1073 1694 potuissent
1098 1599 1277 1698 colligere,
1303 1606 1341 1671 in
1368 1602 1412 1672 iis
1444 1622 1536 1698 quae
1566 1598 1757 1696 quondum
1793 1601 1830 1672 in
1866 1603 2005 1700 pariete

342 1708 489 1767 exarata
515 1705 632 1782 erant,
658 1717 810 1766 manum
836 1697 986 1793 quidem
1012 1703 1236 1798 conspicere,
1271 1699 1365 1774 unde
1396 1725 1479 1774 vero
1512 1713 1716 1770 moveretur
1748 1724 1893 1772 cernere
1929 1727 2003 1775 non

345 1793 496 1885 licebat3
522 1797 573 1868 sic
599 1797 675 1867 sire
699 1797 842 1866 sinistre
867 1799 944 1868 sive
968 1794 1188 1874 dexterrime
1210 1815 1351 1900 praeter
1375 1825 1475 1901 rpem
1502 1813 1538 1870 et
1563 1799 1805 1872 intentionem
1843 1812 2000 1874 nostram

343 1897 498 1966 actiones
523 1891 666 1984 cedant,
690 1906 861 1966 eventum
887 1899 1035 1994 quidem
1070 1899 1261 1994 videmus,
1297 1927 1443 1976 causam
1475 1923 1560 1973 vero
1593 1900 1797 1996 ignoramus
1829 1903 1998 2001 saepias:

346 1995 589 2085 haereremus,
615 1995 684 2066 nisi
709 1995 775 2068 Dei
800 1999 1060 2096 omnipotentis
1086 2003 1180 2101 jusso
1206 2015 1335 2075 corrosa
1361 2001 1449 2074 baec
1475 1999 1583 2098 dirigi
1608 2023 1766 2074 essemus
1783 2005 1883 2074 certi.
1902 2001 2000 2074 Con·

346 2097 447 2167 venit
473 2096 555 2168 baie
579 2106 715 2166 asserto
741 2096 956 2196 praeprimis
982 2101 1037 2199 jus
1063 2113 1231 2176 nostrum
1258 2101 1476 2194 Roruenurn,
1503 2111 1543 2172 nt
1571 2097 1655 2171 lieet
1682 2123 1753 2172 non
1780 2123 2002 2192 coronaeus,

245 2253 251 2270 .
345 2193 426 2282 fati,
450 2196 570 2282 sortis,
597 2192 760 2267 fortunae
781 2199 929 2270 nomine
955 2200 994 2270 in
1019 2197 1260 2275 decisionibus
1289 2215 1422 2291 utatur,
1438 2228 1479 2274 eo
1499 2211 1622 2272 temen
1641 2225 1728 2273 aevo
1744 2225 1827 2274 curn
1846 2201 2005 2299 impera-

285 2320 294 2345 ·
347 2291 486 2365 toribus
511 2293 725 2366 christianos
749 2320 823 2368 esse
850 2296 965 2388 licuit,
987 2314 1115 2373 eventa
1142 2301 1229 2374 haec
1253 2303 1319 2376 Dei
1347 2301 1518 2376 beneficio
1543 2300 1761 2374 tribuerunt:
1791 2315 1923 2372 esserto
1941 2323 2004 2372 cx·

346 2391 510 2492 emplum
537 2418 650 2466 unum
677 2396 724 2466 sit
752 2419 806 2470 ex
824 2401 849 2470 i.
867 2419 929 2468 un.
947 2419 977 2471 c.
1002 2401 1049 2472 de
1071 2401 1240 2474 thesaur.
1268 2403 1329 2476 ubi
1355 2407 1435 2504 ejus
1467 2403 1718 2476 inventionem
1747 2424 1821 2474 non
1849 2399 2001 2473 obscure

347 2489 515 2564 fortunae
534 2491 756 2586 tribuerunt,
775 2497 924 2570 tondens
944 2509 1066 2572 tornea
1085 2503 1283 2603 imperator
1305 2505 1379 2576 Leo
1397 2504 1453 2576 lais
1471 2497 1592 2578 verbis
1609 2502 1800 2577 enunciat:
1828 2523 1873 2574 ne
1907 2507 2005 2574 ulte·

347 2597 430 2666 rius
448 2591 522 2666 Dei
539 2591 755 2688 hospicium
773 2597 958 2672 invidiosa
976 2605 1167 2674 calumnia
1181 2625 1466 2703 persequamur,
1485 2619 1554 2676 eto.

408 2733 411 2744 ·
443 2693 519 2766 Hac
536 2697 721 2766 occasione
737 2721 802 2795 pro
821 2695 973 2770 solemni
992 2697 1241 2802 disputatione
1266 2705 1311 2775 de
1338 2704 1483 2776 fortuna
1511 2727 1613 2800 agere
1638 2699 1828 2788 constitui,
1865 2703 2005 2800 potissi-

348 2819 453 2867 mum
479 2794 661 2893 quomodo
687 2806 842 2894 jaceam
862 2801 1041 2897 respiciat3
1065 2815 1101 2874 et
1119 2803 1205 2876 iude
1223 2805 1267 2876 de
1283 2808 1363 2904 jure
1379 2815 1416 2874 et
1439 2803 1572 2875 'udicio
1598 2799 1763 2872 fortunae
1781 2805 2004 2874 tractationis

345 2890 713 3068 titplpmeffornravi,
733 2902 1028 2996 qunesequentia
1062 2899 1229 3002 pluribus
1246 2902 1419 2976 referunt.
1480 2918 1595 2979 tvero
1613 2898 1767 2975 feliciter
1801 2899 1875 2992 fiat,
1912 2903 2006 2976 Deus

344 3017 387 3072 ve
404 3008 449 3070 rt.

1014 3191 1262 3263 CAPUT
1308 3196 1336 3264 1.

776 3367 829 3436 De
851 3365 1050 3460 definitione
1066 3368 1235 3437 nominali
1248 3385 1280 3436 et
1294 3367 1384 3436 reali
1391 3369 1578 3462 firtunne.

576 3581 597 3633 S
616 3585 642 3639 U
658 3583 695 3638 il!
708 3583 741 3638 11
758 3581 786 3638 A
805 3584 830 3638 tt
846 3582 920 3636 1A.
1199 3578 1297 3636 norell.
1309 3581 1335 3636 6.
1346 3599 1408 3651 esp.
1422 3585 1482 3648 1.ς.
1495 3587 1519 3637 t.
1523 3583 1674 3656 somonam
1679 3581 1813 3656 jurgandi
1823 3583 1953 3654 reperiri.
1965 3583 2015 3656 leg.

1200 3685 1248 3721 un.
1259 3684 1281 3719 c.
1294 3669 1405 3738 quando
1418 3667 1540 3739 imperat.
1552 3669 1624 3721 inter
1630 3669 1723 3739 propr'll.
1736 3669 1775 3734 (3)
1795 3666 1847 3720 Pro
1865 3677 1957 3719 eseotu
1969 3668 2016 3720 aii·

340 3749 520 3823 Etymologio
538 3747 819 3821 vocabulisorlrtrroe.
836 3767 864 3806 rt.
884 3749 909 3802 1.
1195 3769 1246 3820 qao
1263 3750 1409 3822 inopinato,
1428 3751 1505 3804 sicuti
1521 3749 1656 3804 thesaurus
1669 3749 1766 3804 dicitur
1784 3747 1904 3802 fortunae
1917 3748 2015 3802 donam

340 3833 539 3905 Hornonymin.
558 3853 585 3887 n.
603 3835 629 3890 3.
1200 3835 1211 3888 1
1232 3833 1258 3886 si
1268 3833 1290 3888 is
1300 3834 1349 3906 qui
1360 3834 1389 3888 in
1401 3833 1494 3890 alieno
1507 3835 1553 3887 63.
1566 3835 1588 3900 §.
1604 3835 1629 3884 1.
1640 3829 1672 3900 ᾖ
1684 3834 1719 3887 de
1729 3832 1830 3903 ncqrrir.
1843 3849 1895 3886 rer.
1910 3831 2016 3884 domin.

337 3917 411 3988 Ejus
428 3918 609 3980 ernonirnine.
628 3937 657 3973 n.
675 3919 701 3973 3.
1200 3917 1240 3991 (1)
1257 3919 1309 3974 Pro
1326 3918 1481 3973 conditione
1497 3917 1594 3973 mendi
1607 3917 1625 3970 1.
1638 3933 1685 3971 urs.
1696 3917 1719 3984 ς.
1731 3917 1759 3971 ’1.
1769 3933 1793 3970 e.
1808 3915 1841 3982 de
1857 3915 1947 3970 endue.
1967 3915 2020 3970 tol·

339 3999 467 4058 Fortuna
484 4001 654 4058 describitur.
667 4021 693 4056 ra.
707 4001 733 4057 1.
1200 4002 1271 4058 tend.
1287 4003 1329 4076 (1)
1347 4004 1379 4057 16
1396 4001 1531 4063 inmederi
1550 3996 1700 4071 significata
1718 3998 1881 4070 profertum
1894 3998 2018 4062 meando.

337 4081 558 4140 Commoertitor
572 4102 611 4140 aa
629 4085 784 4141 christianis
798 4087 937 4158 fidenae
961 4087 1093 4150 66661616
1112 4091 1155 4146 ati
1200 4088 1280 4140 utiin
1292 4088 1310 4141 l·
1324 4083 1488 4161 1111.βὶ
1500 4085 1533 4141 de
1544 4083 1694 4159 magistrat.
1705 4099 1823 4138 consen.
1835 4083 1855 4137 i.
1867 4084 1893 4136 ’1.
1908 4088 1931 4148 ς.
1943 4083 1970 4138 3.
1978 4079 2020 4153 ff.

364 4163 557 4236 sossiumli.
1200 4167 1346 4224 demiror.
1395 4223 1399 4230 ,
1713 4163 1715 4168 ’

339 4249 484 4310 Hesiodus
500 4253 595 4328 alique
612 4251 763 4312 adhibetur·
780 4273 808 4310 n·
826 4257 853 4310 6.
1238 4253 1425 4326 Synonyrnianr
1443 4251 1512 4326 qood
1530 4235 1635 4318 attinet}
1648 4251 1751 4324 saepias
1764 4251 1963 4319 dloltneiatnrn,
1976 4271 2016 4306 ea·
2036 4257 2053 4310 3

1107 4355 1110 4362 ·
1201 4354 1254 4398 sus,
1274 4353 1331 4392 sors
1343 4355 1400 4410 org-
1413 4337 1438 4412 ξ.
1452 4339 1496 4392 33.
1509 4339 1591 4390 instit.
1604 4335 1637 4390 de
1649 4337 1754 4407 legatis.
1765 4337 1875 4390 Domini
1890 4335 2016 4405 judicium

303 4432 319 4484 ί
382 4430 493 4477 ortanae
509 4421 615 4493 quidem
635 4419 738 4477 indoles
754 4435 788 4476 es
806 4417 969 4494 praefamine
980 4423 1150 4496 quodammo-
1202 4423 1339 4480 Praeteri.
1351 4441 1413 4493 cop.
1435 4424 1478 4479 16.
1491 4439 1565 4477 arere·
1587 4421 1635 4477 uit.
1655 4422 1694 4472 lte
1711 4421 1778 4490 juris
1796 4434 1820 4476 at
1838 4421 1930 4490 indicii
1952 4423 2021 4476 saria

337 4501 373 4556 to
390 4513 502 4571 constat,
522 4514 656 4560 attamen
674 4507 794 4562 methodi
814 4507 944 4563 rationem
964 4509 1088 4578 babeam,
1108 4531 1155 4584 per
1201 4509 1352 4577 acceptione
1370 4507 1414 4559 bin
1426 4523 1479 4560 non
1492 4505 1638 4576 occupabor
1648 4505 1744 4574 ubique
1755 4504 1811 4557 fere
1821 4516 1848 4558 et
1864 4506 1938 4574 vulgo
1952 4517 2021 4560 nota.

337 4586 430 4642 modos
448 4587 657 4659 descriptionum
675 4592 817 4645 verbalium
841 4601 867 4644 et
894 4595 1003 4646 realium
1029 4594 1155 4662 efferam,
1203 4589 1234 4644 tn
1248 4591 1312 4645 inde
1324 4591 1402 4645 realis
1415 4589 1561 4660 descriptio
1576 4589 1637 4642 talis
1649 4587 1799 4642 concinnari
1821 4589 1926 4658 poterit,
1952 4589 2020 4659 quod
2040 4611 2058 4664 4

336 4672 384 4727 aed
401 4674 496 4744 paneis
513 4673 635 4730 verb-iis
649 4675 823 4745 etymologia,
849 4677 1016 4748 homonymia
1034 4687 1061 4732 et
1077 4695 1153 4751 eyne-
1203 4675 1357 4730 atterentes
1369 4673 1556 4730 eieeantusrei
1571 4671 1653 4726 soiius
1663 4670 1710 4724 liei
1725 4672 1963 4742 imperscrutabilis
1975 4691 2020 4728 an·

337 4758 427 4830 nymia
445 4757 544 4813 absolvi
563 4760 647 4812 solet.
667 4759 724 4829 Qun
743 4757 861 4829 primam
887 4760 1035 4814 rotabulum
1065 4771 1154 4816 natum
1204 4759 1287 4828 epicio
1301 4760 1457 4828 productus,
1470 4755 1623 4811 bominibus
1635 4755 1794 4826 insperetoa.
1808 4755 1878 4810 Aliae
1891 4755 2024 4812 delinitio·

338 4857 396 4902 esse
412 4843 499 4910 oredo,
517 4860 569 4895 non
586 4839 704 4907 facturn,
721 4849 748 4895 at
766 4838 827 4896 inde
844 4858 966 4913 operosae
983 4844 1155 4901 derivationis
1204 4855 1251 4894 net
1264 4839 1354 4896 ridere
1365 4841 1464 4912 poteris
1476 4839 1544 4910 apud
1558 4839 1651 4895 inban.
1664 4840 1786 4893 Matienoi
1799 4841 1833 4896 de
1851 4839 1930 4912 offic·
1955 4841 2025 4910 ”sb

338 4941 443 4998 expers,
460 4927 483 4980 ai
503 4937 591 4980 tannen
607 4924 724 4994 argutari
743 4923 857 4992 malina
878 4923 986 4980 ier-endo
1012 4943 1073 4980 oum
1097 4930 1157 4983 aliie
1205 4924 1596 4992 renitanperretemoom.
1611 4923 1908 4994 innocentianam
1922 4941 2021 4982 oenoe.

339 5013 467 5068 deducere
484 5010 598 5082 poteria,
617 5026 669 5078 qno
687 5007 803 5062 median
823 5009 919 5063 malon
939 5011 980 5066 sel
998 5011 1095 5066 monta
1114 5012 1156 5066 in·
1205 5005 1283 5078 legal.
1295 5008 1339 5062 lib.
1353 5013 1379 5062 1.
1391 5026 1451 5076 cap·
1471 5005 1505 5062 de
1517 5005 1640 5079 ‚senone
1664 5023 1738 5061 num.
1764 5009 1808 5060 11.
1833 5007 1947 5065 Generis
1967 5011 2026 5065 loeo

337 5098 410 5150 farre
428 5103 601 5164 nuncupator·
610 5091 669 5148 eide
678 5094 717 5148 ris
730 5091 829 5148 Christ.
841 5091 965 5148 brumen.
976 5094 1006 5149 in
1017 5093 1087 5168 orig.
1100 5112 1158 5152 reo·
1206 5103 1278 5146 aaron
1296 5092 1448 5149 rotabulum
1459 5093 1545 5164 poeni,
1557 5109 1616 5146 cnm
1628 5090 1793 5146 commodine
1811 5093 1868 5162 inre
1888 5105 1972 5148 nostra
1995 5104 2026 5147 et

335 5181 548 5254 sornfhrtuirn.
1208 5177 1375 5243 praedicandi
1390 5171 1484 5232 modos
1494 5194 1546 5232 non
1559 5176 1701 5232 admittant
1711 5194 1769 5246 arg.
1781 5174 1800 5229 l.
1813 5177 1858 5230 19.
1871 5177 1898 5230 in
1924 5196 1966 5245 pr.
1980 5177 2024 5247 ff.

304 5291 324 5346 2
376 5264 554 5336 Homonymia
566 5263 726 5337 aoneptlones
737 5264 822 5320 serias
835 5263 917 5320 sistit.
931 5261 975 5336 (1)
988 5257 1040 5320 Pro
1051 5261 1158 5319 facolta-
1207 5259 1308 5318 dem.
1327 5261 1512 5316 Differentiam
1530 5258 1681 5332 specificare
1694 5259 1833 5332 reliqnain
1847 5259 2027 5331 descriptione

344 5349 415 5402 tibus
425 5359 453 5402 et
464 5347 559 5419 opibus
569 5357 656 5403 certae
667 5365 803 5419 personae,
816 5348 854 5402 nti
870 5347 887 5401 1.
901 5343 947 5404 ιιή.
961 5353 983 5413 ς.
995 5363 1057 5403 cum
1069 5357 1158 5404 auterre
1207 5347 1315 5415 babent,
1327 5348 1416 5400 necin
1428 5361 1457 5399 ea
1469 5345 1642 5400 examinanda
1657 5345 1701 5399 bio
1714 5345 1847 5416 operosior
1860 5359 1913 5398 ero.
1927 5347 2026 5402 Saltem

339 5432 366 5482 ’1.
377 5447 401 5482 6.
413 5427 447 5484 de
460 5429 501 5482 rei
511 5448 591 5486 aeor-
604 5440 656 5488 net.
668 5430 710 5503 (3)
722 5431 776 5486 Pro
796 5432 949 5490 conditione
967 5431 1158 5502 etqualitate,
1209 5431 1258 5486 snb
1272 5433 1397 5486 munibus
1409 5439 1560 5484 nescentern
1579 5430 1783 5485 onntaneereiam
1801 5427 1846 5480 bln
1862 5429 2023 5500 explanabo:

330 5509 483 5580 fortunam
496 5515 590 5570 carine
599 5513 691 5570 subire
703 5516 722 5569 l.
733 5516 760 5570 3.
773 5521 795 5580 t.
809 5520 836 5570 1.
848 5535 871 5570 c.
882 5517 916 5572 rie
929 5527 1022 5572 entur.
1033 5515 1080 5570 tit.
1096 5516 1116 5570 1.
1129 5518 1155 5570 3.
1207 5533 1240 5570 an
1251 5515 1401 5570 obsistisnis
1412 5514 1535 5569 fortunae
1546 5515 1672 5570 anmbnln
1682 5513 1716 5569 ab
1727 5513 1852 5578 ethnicis,
1872 5523 1899 5568 et
1919 5514 2027 5584 quidem
2047 5537 2064 5589 5

339 5592 464 5665 i⁰fi⁰·⁰·
477 5595 831 5673 &quadrienpeneaers‘pt
854 5601 956 5659 norell
982 5601 1027 5658 36.
1050 5619 1111 5673 cap.
1132 5605 1159 5656 1.
1210 5600 1405 5675 superstitione
1415 5597 1538 5668 oriundo,
1560 5597 1647 5654 adbno
1665 5599 1707 5654 uti
1731 5595 1772 5656 fae
1796 5595 1852 5652 siti
1873 5599 1970 5656 Multos
1994 5616 2028 5654 ex

1876 5775 1882 5812 l
