4336 6170
623 281 924 342 tttstttttTtontttt
942 287 1191 348 tttPEttttttt'tst
1562 299 1579 353 5

220 387 250 462 ᾖ,
271 387 312 454 sl.
330 382 445 454 Quando
465 380 611 450 sdoptisus
630 381 663 431 sb
683 383 777 452 utiquo
809 399 842 436 ert
870 373 971 436 l'ausiliu
992 391 1123 452 moritur,
1143 398 1220 459 putet·
1239 391 1371 447 unurrtts
1390 404 1413 448 et
1434 393 1577 468 edoplirus
1597 393 1634 447 ei-

185 475 249 531 sletn
269 477 358 542 eequis
377 470 549 542 portionibus
565 466 731 532 succedunt,
750 470 879 536 quonium
908 473 1132 540 emancipationis
1162 477 1243 544 juris,
1269 491 1338 544 quus
1366 481 1432 530 olim
1460 482 1634 534 encomium

180 559 378 630 impedimento
396 552 690 623 transponunt.
709 551 814 608 subista
833 565 907 608 suut·
925 554 1078 609 Estrsueus
1098 573 1165 610 rere
1185 568 1261 630 pstsr
1287 560 1434 632 cdoptisus
1461 581 1514 618 non
1538 583 1633 619 suces-

184 644 240 708 dit,
259 643 421 710 nequidem
443 638 476 690 sb
496 641 621 691 inteststo
642 637 747 704 eidem,
765 640 829 706 quis
848 640 926 692 nullo
947 643 1009 710 jure
1030 650 1151 694 rocstur.

219 731 235 798 5
264 730 309 784 25.
329 725 523 798 Deportetione
543 725 728 778 torttesceuts
743 737 869 792 nqeuest
884 726 939 795 igni
955 727 1112 780 interdictio
1124 728 1232 797 psoitm
1246 746 1295 782 usn
1306 747 1362 784 uon
1374 731 1571 797 cesserit,sed
1584 734 1630 785 ills
1717 731 1765 780 Tit.
1791 731 1828 782 tt.

182 813 267 882 aegis
281 829 331 866 usu
343 808 567 880 frequentebstuc
578 825 659 876 quoru
672 807 752 876 boec,
765 812 847 864 sicuti
861 811 997 878 cleportsti
1020 811 1086 862 olim
1101 812 1214 865 restituti
1229 818 1398 870 restitutione
1416 820 1518 884 gratiss
1531 821 1563 870 ecl
1584 837 1628 890 pa·
1656 792 1741 852 (mm
1751 797 1871 876 Μ”ῘΨ

180 901 258 957 triens
272 907 429 970 poteststenr
441 911 496 948 uon
513 895 651 958 redibunt,
663 895 716 946 uisi
731 896 759 946 in
773 896 866 963 specie
880 895 912 946 ud
927 913 984 947 eum
1000 905 1086 949 essent
1101 897 1233 957 restituti,
1247 899 1281 952 its
1294 917 1404 969 quoque
1424 901 1527 955 bsoniti
1548 903 1629 958 bodie
1653 863 1869 966 mamm

179 985 213 1036 ecl
225 1000 285 1036 eesu
299 997 354 1034 uota
371 981 484 1036 restituti
497 1017 506 1044 ,
519 988 729 1051 pressumuntur
744 981 797 1032 uisi
812 982 954 1048 speciatim
974 984 1033 1050 ejus
1052 982 1079 1032 in
1100 981 1270 1036 restitutione
1282 983 1349 1036 tuctu
1363 989 1397 1038 sit
1411 988 1520 1041 mentio.

215 1074 239 1132 5.
254 1069 298 1122 stt.
311 1068 476 1120 Postliminii
490 1066 579 1137 jussit
595 1082 642 1132 es,
656 1081 727 1134 quae
740 1065 809 1135 juris
823 1077 901 1130 suut,
915 1066 1010 1120 rrtrru
1030 1066 1161 1133 pertinet,
1177 1065 1204 1116 iu
1222 1067 1256 1118 iis
1275 1079 1378 1133 suurn,
1398 1086 1467 1138 quse
1486 1071 1548 1127 iccti
1565 1089 1629 1126 ceo·

176 1165 287 1220 uretur,
302 1169 357 1206 nota
372 1155 460 1208 exerit
474 1153 603 1216 effeetus,
618 1149 665 1204 sed
678 1153 705 1200 iu
718 1152 751 1202 iis
767 1151 901 1220 peculiari
914 1151 1083 1204 restitutione
1095 1166 1165 1217 opus
1176 1159 1232 1212 est,
1243 1151 1324 1206 sicud
1344 1152 1445 1206 dicitur
1464 1157 1484 1208 l.
1501 1171 1532 1207 rs
1558 1163 1581 1221 ς.
1602 1173 1628 1210 s.

171 1236 258 1310 ffide
270 1239 397 1310 cursivis
411 1239 573 1308 etpostlr'rrs.
586 1238 711 1294 nutris·
728 1235 805 1290 Fectl
824 1253 934 1290 oensem
953 1236 1209 1300 constitutionibus,
1226 1236 1285 1290 sire
1305 1235 1475 1290 tristentur
1494 1238 1553 1292 fieri
1573 1253 1628 1292 uon

194 1339 267 1376 osse.

174 1341 236 1470 ps.
251 1422 300 1479 ²7·
314 1407 407 1462 Verbo
420 1408 449 1458 ln
461 1406 552 1478 capite
567 1406 662 1470 libero,
671 1421 742 1473 quse
755 1401 890 1458 bibentur
902 1404 929 1454 in
944 1402 1102 1456 difinitione
1116 1409 1137 1467 ς.
1157 1421 1180 1456 ι.
1195 1405 1285 1460 instit.
1298 1401 1331 1456 de
1342 1407 1419 1460 curet.
1434 1406 1627 1460 soloecismum
1712 1403 1760 1450 t'tt.
1785 1401 1822 1450 t3.

174 1489 317 1546 latinitatis
329 1509 386 1546 nou
399 1494 543 1544 incurrunt
558 1525 569 1552 ,
583 1492 644 1542 lioet
659 1489 814 1544 ret'ersntuc
828 1489 860 1540 ud
876 1490 1023 1557 pupillum.
1034 1487 1102 1540 lium
1117 1505 1171 1540 non
1185 1488 1391 1557 intelliguntur,
1403 1508 1455 1558 qus
1471 1503 1587 1560 potestus
1598 1493 1625 1544 iu
1651 1463 1689 1510 ”⁰
1707 1467 1791 1512 ''M''

174 1575 315 1644 pupillum
330 1585 493 1641 exercetur,
505 1576 552 1630 sed
566 1591 619 1642 qus
636 1574 662 1623 in
677 1574 787 1642 pupillo
799 1573 915 1625 redients
931 1582 969 1623 est
989 1575 1110 1642 pussirep
1129 1575 1161 1625 arl
1180 1582 1294 1626 tutorem
1316 1584 1402 1628 cutem
1423 1581 1561 1645 pertinere
1581 1595 1628 1632 oe-

173 1673 278 1728 queunt
291 1697 301 1728 ,
313 1663 444 1732 quonism
456 1661 649 1716 liliuslaerilius
660 1667 816 1728 potestesse
829 1667 913 1722 tutor,
925 1657 971 1725 qui
983 1656 1098 1709 liberum
1110 1669 1192 1728 eupot
1207 1659 1318 1713 ducente
1331 1663 1416 1727 petria
1430 1673 1558 1733 potestate
1569 1665 1626 1716 ittet

171 1746 278 1812 nequit.

203 1831 219 1898 ς
242 1829 289 1882 all.
304 1831 470 1884 Confirmata
482 1829 583 1894 tutele,
597 1842 688 1894 oeque
700 1842 768 1895 pore
780 1824 884 1889 dstira,
899 1841 989 1893 neque
1007 1826 1206 1878 trstsmeoteris
1225 1841 1279 1901 est,
1296 1832 1342 1884 sed
1361 1831 1462 1897 mixte,
1484 1842 1509 1885 et
1527 1851 1578 1903 pro
1596 1849 1626 1886 rs

171 1929 255 1982 pute,
267 1917 379 1984 quondo
391 1919 454 1986 plus
465 1917 537 1985 juris
550 1929 584 1966 ex
597 1910 797 1966 testamentaria
810 1910 892 1962 tutelo
906 1909 983 1963 hebet
995 1948 1003 1975 ,
1016 1909 1049 1960 nd
1061 1915 1285 1964 testsmeutariam
1296 1953 1303 1980 ,
1315 1913 1423 1982 qucodo
1443 1915 1505 1982 plus
1521 1911 1554 1965 cd
1566 1915 1627 1966 sub-

172 2001 324 2054 sistentium
338 2018 413 2052 snum
428 2001 506 2053 babet
513 2037 523 2066 ,
534 2001 567 2050 ad
580 1998 697 2050 dutirsm
714 1995 976 2064 reserendu,m.rtris
989 2013 1055 2050 rero
1069 2007 1094 2050 et
1108 1998 1186 2050 erice
1199 1999 1280 2052 tutele
1293 2013 1346 2048 oon
1367 2000 1491 2050 uoomslc
1505 2009 1561 2066 est,
1575 2000 1622 2051 sed

172 2088 205 2140 sd
220 2089 373 2157 legitimum
387 2103 546 2158 expresses
560 2087 621 2155 lege
634 2082 763 2136 refertur.

211 2177 235 2236 ς.
249 2186 297 2244 29.
314 2172 432 2240 Qoeudo
446 2185 524 2244 peter
535 2172 563 2222 io
576 2177 734 2224 tenemento
747 2167 806 2220 silio
818 2177 936 2220 tutorem
949 2168 1007 2233 det,
1020 2183 1069 2218 nec
1081 2165 1164 2221 bodie
1183 2163 1293 2234 quidem
1312 2165 1425 2235 speciali
1445 2164 1626 2220 conlirrnetio-
1708 2165 1755 2211 'lit-
1780 2165 1816 2210 ll·

175 2273 210 2308 oe
225 2275 297 2327 opus
311 2269 349 2313 est
364 2261 396 2310 sd
409 2260 625 2323 subsistentiam,
639 2256 770 2311 tutorium
788 2265 875 2308 tumen
890 2255 922 2306 ed
937 2257 1098 2308 exercitium
1110 2251 1350 2306 adruiuistrstionis
1370 2249 1538 2304 teutlandum
1552 2255 1578 2304 in
1593 2271 1625 2306 eo
1649 2228 1865 2350 gxmfflw

177 2344 340 2410 requiritur.
1648 2361 1705 2398 „mg

206 2433 236 2491 ς.
252 2427 296 2480 30.
311 2427 446 2495 Qnsmris
458 2429 481 2480 si
497 2424 597 2496 pupilli
608 2425 805 2494 patrimonium
820 2423 970 2489 diffusum,
986 2434 1007 2476 et
1022 2423 1182 2477 indisertis
1195 2418 1349 2492 provinciis
1364 2420 1443 2472 sitnm
1459 2419 1506 2486 rit,
1523 2419 1624 2474 diversi

172 2521 279 2565 tutores
291 2513 381 2582 quoad
393 2513 464 2564 boos
479 2513 581 2564 inistis
594 2509 747 2580 prorinoiis
759 2509 817 2562 deri
831 2511 953 2579 porslntc
970 2511 1009 2562 rei
1022 2519 1111 2563 temen
1125 2523 1180 2562 uon
1193 2509 1271 2562 dulor
1284 2518 1366 2572 tutor,
1378 2508 1425 2560 ssd
1439 2510 1549 2560 omnino
1563 2521 1624 2575 per·

170 2612 268 2649 sonae.

210 2679 288 2746 531.
297 2679 539 2736 Teutueortrturn
551 2687 667 2734 tutorem
684 2680 806 2750 legitimo
816 2693 925 2747 semper
939 2675 1145 2747 praeferendum
1158 2689 1226 2736 ests,
1235 2676 1379 2744 nequidem
1389 2674 1479 2744 qnocd
1490 2677 1623 2731 electores

174 2777 324 2836 exceptum
336 2767 363 2818 in
377 2769 416 2820 A.
431 2767 468 2819 B.
479 2783 539 2833 cop.
555 2782 580 2834 7.
595 2763 670 2818 dliss
683 2765 828 2817 deterioris
841 2763 1004 2815 conditionis
1020 2764 1154 2814 electores
1167 2760 1271 2822 forent,
1285 2777 1365 2830 quum
1378 2763 1423 2813 elii
1445 2761 1584 2830 principes
1598 2769 1624 2814 et

176 2864 259 2904 status
275 2853 383 2923 imperii
395 2888 404 2917 ,
419 2867 483 2904 coru
495 2861 586 2906 tumen
599 2852 747 2920 imperator
759 2847 855 2920 perd.
868 2847 900 2902 Β.
914 2851 1058 2902 meliorem
1072 2864 1167 2900 eorum
1181 2847 1365 2900 conditionem
1378 2846 1492 2900 caeteris
1512 2845 1623 2901 silicers

176 2939 308 2990 voluerit.

208 3030 236 3086 ς.
249 3022 292 3075 32.
313 3023 418 3092 llegule
432 3021 483 3073 ista
496 3019 584 3087 quoad
601 3017 748 3086 legitimum
761 3018 872 3070 tutelam
887 3017 954 3086 :qui
974 3015 1090 3086 propior
1101 3014 1275 3068 successione
1287 3015 1402 3086 propior
1415 3016 1448 3068 sd
1461 3019 1581 3085 tutelsm,
1596 3017 1623 3068 in
1709 3039 1756 3084 pp,
1781 3037 1818 3084 ⁴5.

175 3117 259 3158 matre
274 3117 298 3159 et
313 3109 372 3164 sris
393 3106 584 3176 exceptionem
598 3099 689 3156 bubet.
703 3103 771 3154 lllus
783 3103 855 3156 cuim
869 3101 1018 3155 succedere
1031 3110 1160 3171 possunt,
1171 3101 1195 3154 si
1209 3098 1292 3155 relint
1302 3141 1310 3164 ,
1322 3111 1348 3154 et
1360 3111 1448 3156 tumen
1463 3120 1619 3158 excusares
1647 3101 1812 3210 stalerlllpg
1826 3116 1863 3208 1:-

175 3193 270 3244 und..
948 3231 960 3240 -
1643 3179 1688 3220 grta
1712 3181 1762 3210 mm
1788 3179 1825 3208 ΙΝ
1853 3193 1860 3207 s

212 3280 235 3338 ς,
256 3275 299 3324 33.
315 3275 378 3328 Nun
393 3275 506 3345 quseris
520 3275 631 3326 oscitatio
643 3283 726 3326 stutus
741 3281 778 3324 est
791 3272 888 3342 cepitis
907 3270 1070 3336 diminutio,
1084 3269 1131 3321 sed
1145 3283 1215 3338 quae
1228 3269 1253 3322 sn
1268 3269 1296 3320 in
1310 3268 1444 3338 deterius,
1459 3273 1527 3324 sliss
1547 3272 1620 3324 tilius
1704 3287 1753 3332 Tit.
1780 3287 1821 3334 rs,

174 3375 189 3408 s
201 3369 272 3426 patr.
286 3368 341 3426 po·.
352 3360 458 3412 solutus
471 3359 560 3425 capite
573 3360 692 3410 minutus
702 3355 858 3420 diceretur,
872 3355 945 3424 quod
958 3365 1044 3407 tumeo
1060 3357 1120 3424 jura
1132 3369 1187 3408 oou
1199 3355 1365 3422 permittunt.
1645 3347 1774 3407 Deceptus
1787 3349 1862 3394 ‹trust-

210 3446 236 3504 ς,
250 3440 294 3504 34.
307 3440 449 3508 tleportsti
460 3477 468 3504 ,
481 3459 533 3510 qus
546 3441 699 3510 deportati,
714 3438 866 3493 libertatem
880 3440 1051 3492 retinuerunt
1063 3455 1112 3508 per
1129 3443 1151 3504 ς.
1165 3436 1193 3490 3.
1207 3439 1296 3494 instit.
1312 3442 1339 3494 n.
1351 3451 1372 3496 t.
1384 3441 1441 3497 Nec
1455 3441 1619 3514 deportatio·
1645 3415 1744 3456 sutem.

175 3539 208 3575 ne
221 3525 283 3575 sola
296 3526 476 3594 peregrinitas
489 3526 599 3577 inducte
614 3523 674 3576 tuit.

207 3614 230 3672 ς.
249 3608 295 3660 35.
310 3607 367 3660 Neo
382 3607 465 3660 ltodis
476 3606 615 3662 foemineo
628 3607 725 3662 tutoris
737 3605 831 3660 olticio
844 3607 920 3677 iungi
933 3617 1061 3677 possuntt
1080 3609 1209 3678 queutru
1228 3610 1306 3664 matri
1324 3619 1350 3664 et
1367 3611 1448 3665 asise
1466 3613 1621 3684 specisliter
1704 3626 1752 3672 Tre,
1774 3629 1810 3674 tr,

176 3695 202 3748 id
217 3695 363 3748 indultum.
765 3743 768 3750 ,
1645 3687 1682 3732 Dr
1700 3689 1803 3746 territura
1817 3709 1861 3752 pe.

208 3783 233 3841 t.
248 3776 293 3830 tn.
306 3777 393 3830 Etiam
407 3775 433 3849 ξ.
448 3777 525 3832 unici
536 3789 700 3848 argumento
710 3776 738 3828 Ιι.
752 3789 774 3832 s.
788 3791 843 3828 nou
860 3776 949 3830 minus
963 3775 990 3830 id
1003 3776 1073 3846 legis
1085 3787 1123 3834 est
1136 3779 1211 3850 quod
1224 3780 1316 3835 serbis
1323 3821 1333 3847 ,
1346 3797 1426 3852 guero
1438 3783 1513 3850 qood
1532 3793 1619 3836 urente
1646 3761 1757 3798 ''ww''
1775 3758 1854 3802 ‘'ml''

173 3863 342 3917 continetur.

206 3952 221 4011 ς
249 3946 295 4017 37.
309 3947 418 3998 'titulus
433 3945 478 3999 bie
492 3947 527 3998 de
541 3946 659 4016 legitima
675 3957 815 4017 perentum
830 3949 1082 4018 tutela,postqurm
1095 3967 1146 4021 per
1159 3949 1293 4012 numid.
1304 3971 1328 4006 e.
1346 3951 1618 4024 r.Emrneipstornnt
1707 3967 1752 4014 Tit.
1779 3969 1815 4018 te.

176 4039 236 4104 jors
248 4035 342 4104 quoad
354 4034 555 4089 successionem
569 4044 692 4098 cenent,
705 4044 730 4086 et
743 4033 908 4102 regulariter
921 4051 1107 4090 suscessorem
1121 4052 1190 4088 onus
1201 4036 1300 4089 tutetur
1314 4039 1477 4104 comitetur,
1489 4054 1617 4108 supersc-
1647 4029 1862 4144 affiman-

176 4129 342 4172 cunensesl.
1818 4129 1823 4144 ·
1848 4159 1851 4168 ,

211 4211 238 4269 ς.
262 4202 308 4258 38.
325 4203 356 4256 ln
375 4201 590 4255 institutionibus
609 4212 697 4254 sutem
717 4203 851 4271 perulieri
873 4202 982 4256 rubrics
1007 4206 1070 4258 isles
1092 4205 1266 4277 distinguitur
1291 4223 1306 4257 a
1331 4205 1518 4275 praecedenti,
1545 4205 1617 4276 quod

179 4291 238 4357 jore
260 4289 347 4342 reteri
367 4303 421 4338 oon
442 4289 598 4340 nominetirs
619 4297 644 4341 rt
664 4287 754 4339 serbis
773 4285 928 4354 parentibus
948 4286 1109 4341 ilrlrrretnr.

214 4378 236 4436 t.
258 4373 303 4444 39.
323 4372 473 4426 Fiducicrii
493 4381 593 4423 tutores
613 4372 688 4438 qussi
708 4379 811 4423 tutores
830 4370 944 4422 fiducius
964 4371 1143 4436 dicebuntur,
1163 4373 1280 4443 ideoque
1299 4389 1354 4427 non
1374 4373 1513 4428 dicebatur
1532 4373 1618 4443 legiti-
1704 4389 1751 4434 Τῃ,
1777 4389 1813 4436 sp,

176 4475 226 4520 ros,
245 4459 376 4526 quonism
396 4473 446 4509 nec.
466 4466 554 4509 mente
572 4455 641 4523 legis
660 4453 831 4508 cletersbatnr
849 4455 987 4526 propriae,
1006 4458 1052 4509 ssd
1073 4458 1110 4510 uti
1130 4457 1231 4511 dictum
1251 4460 1287 4512 ob
1306 4469 1473 4513 contractum
1492 4459 1615 4526 liduoise,
1642 4447 1679 4490 θ’
1690 4451 1858 4514 scurrarnru-
1961 4463 1966 4479 '

179 4563 210 4598 ex
229 4550 311 4614 cujus
331 4549 470 4598 contracto
490 4540 638 4594 secuudum
658 4549 760 4592 testnm
779 4539 863 4608 liujus
882 4541 952 4594 tituli
974 4545 1001 4592 iu
1021 4541 1090 4592 bruc
1108 4543 1217 4594 tutelsm
1239 4543 1412 4599 vocabantur.
1642 4512 1696 4556 “i''

210 4638 234 4696 ς.
258 4629 303 4693 do.
320 4627 477 4680 Norissimo
497 4631 559 4697 jure
578 4636 638 4694 post
655 4625 753 4678 dictem
772 4628 908 4684 nonllons
925 4627 983 4680 rrd.
995 4643 1057 4682 m.
1078 4629 1190 4682 omuino
1209 4627 1300 4684 [rolris
1318 4639 1391 4684 tutor
1410 4637 1449 4684 est
1468 4631 1616 4700 legitimus,

177 4714 238 4765 cluso
260 4732 294 4767 co
316 4717 377 4783 jure
394 4723 503 4766 teststor
521 4712 556 4765 ab
574 4712 697 4763 inteststu
715 4710 847 4766 succedit.

210 4801 235 4868 ς.
259 4799 303 4864 dr.
322 4797 363 4851 lle
382 4801 443 4867 juce
462 4797 538 4848 cirili
560 4811 672 4848 romano
692 4794 803 4862 quidem
821 4794 902 4847 tutela
923 4809 1011 4864 neque
1032 4796 1148 4866 imperii,
1169 4815 1257 4868 oeque
1277 4799 1476 4870 jurisdictionis
1489 4797 1542 4852 sliei
1558 4809 1615 4868 pot-
1701 4781 1748 4870 Tu:
1772 4823 1811 4874 20¹

179 4895 223 4936 est.
243 4885 265 4936 l.
279 4881 303 4934 6.
318 4879 341 4952 S
356 4897 382 4934 s.
387 4883 428 4954 st
436 4881 469 4934 de
481 4881 581 4940 tutelis.
600 4877 725 4931 Moribus
743 4889 832 4932 tumen
851 4879 1049 4948 jurisdictionis
1074 4899 1132 4936 esse
1160 4882 1285 4948 ridetur,
1311 4901 1373 4937 eom
1392 4884 1508 4952 quilibet
1533 4884 1614 4955 mugi·
1639 4881 1674 4927 De
1695 4889 1796 4934 strrttsns
1820 4898 1856 4934 nr-

178 4979 275 5022 stretos
295 4969 451 5020 ordinsrins
471 4965 522 5018 sibi
540 4964 671 5034 subjectis
689 4975 792 5018 tutores
810 4965 876 5016 clere
894 4964 970 5018 solet.
1638 4953 1686 4991 ’θ’
1702 4959 1748 4994 “⁶0

213 5061 226 5119 ς
262 5055 305 5120 ts.
323 5055 496 5123 lllsgistrstus
514 5061 601 5104 temen
620 5066 674 5102 uon
693 5048 818 5102 omuibus
836 5048 887 5102 sibl
908 5046 1037 5117 subjectis
1058 5059 1161 5104 tutores
1173 5051 1238 5105 dure
1254 5063 1374 5120 possunt,
1386 5053 1433 5106 secl
1453 5053 1487 5107 iis
1500 5062 1614 5106 tantum·

180 5141 271 5203 inodo,
290 5141 335 5208 qni
357 5141 400 5192 rel
419 5137 590 5190 domicilium
608 5137 699 5189 sellem
720 5135 770 5188 suls
788 5134 849 5205 ipso
870 5133 977 5199 bebeot,
997 5136 1041 5186 rsl
1061 5137 1205 5189 nesiorum
1225 5148 1327 5208 pestem
1341 5140 1476 5191 bonorum
1496 5141 1516 5192 l.
1530 5156 1577 5192 un.
1592 5158 1615 5194 o.

179 5227 221 5279 udi
232 5234 333 5280 tutores
343 5237 482 5294 petuntur.

214 5319 235 5376 ς,
257 5312 301 5377 43.
321 5311 448 5380 Pupillus
466 5307 576 5376 quidese
595 5307 735 5360 meliorem
754 5322 829 5358 seem
848 5305 1031 5360 conditionem
1051 5305 1141 5360 iecere
1161 5317 1267 5377 potest,
1293 5323 1322 5365 or
1345 5326 1413 5364 sero
1440 5310 1466 5362 tn
1493 5305 1611 5362 dessilus
1696 5315 1743 5361 ’ris
1769 5315 1809 5366 tr,

178 5405 277 5461 verget,
298 5393 461 5460 nequidem
481 5392 640 5442 neturaliter
659 5393 717 5444 sine
735 5392 832 5443 tutoris
851 5394 1007 5444 auctoritate
1026 5391 1113 5458 quossi
1133 5391 1259 5446 ell'rctrrm
1281 5398 1349 5463 juris
1376 5399 1479 5448 romsui
1512 5395 1613 5459 obligs·
1637 5373 1800 5430 „mm”
1816 5394 1853 5430 θ’·

179 5487 226 5542 tur,
244 5495 294 5547 per
311 5477 386 5532 10⁶0.
387 5474 431 5546 ff.
443 5477 475 5532 de
486 5476 542 5532 cll.
554 5486 640 5530 steen
662 5475 714 5531 uisi
733 5475 859 5546 obligetis
877 5494 909 5532 ss
930 5493 958 5531 rs
980 5477 1085 5544 reniet,
1102 5478 1143 5534 rsl
1161 5478 1235 5532 dolus
1253 5478 1338 5552 ipsius
1356 5479 1549 5548 interveniret,
1567 5490 1613 5536 sot
1637 5447 1717 5484 ‘m'

178 5562 329 5632 locupletior
348 5561 474 5616 redditus.

212 5651 224 5707 t
254 5643 298 5698 tt.
319 5646 406 5700 Potest
425 5647 532 5715 quidem
550 5646 704 5715 quandccgue
722 5647 859 5714 pupillos,
877 5647 899 5700 si
921 5647 1023 5702 trituris
1039 5649 1183 5704 suetoritss
1208 5649 1366 5706 interveniat
1380 5677 1395 5714 ,·
1413 5649 1537 5702 «lemnum
1563 5649 1613 5704 eli·

177 5731 244 5797 qnod
263 5729 373 5796 sentire,
391 5729 486 5784 effectu
505 5741 591 5784 temen
611 5729 744 5784 indemnis
762 5741 811 5794 est,
829 5731 867 5784 rel
884 5733 987 5788 serlone
1007 5735 1101 5786 tutelae
1117 5743 1208 5788 contre
1235 5742 1365 5798 tutorem,
1384 5734 1423 5788 rel
1443 5732 1612 5790 restitutione

177 5810 365 5886 inintegrnns,
383 5814 496 5872 rescisso
512 5824 581 5886 esto,
597 5816 620 5870 si
639 5833 686 5890 per
704 5817 910 5888 imprudentiam
931 5841 954 5874 c.
972 5839 998 5892 g.
1015 5830 1086 5876 tutor
1104 5820 1282 5878 suetoritutess
1302 5818 1514 5891 interposuisset.
