4248 6232
497 281 554 339 tet
1028 267 1219 330 ntsrurtr.
1238 269 1349 328 811817.
1369 269 1488 331 CAPUT
1502 269 1526 330 Ῐ.
1652 275 1660 288 ’
1958 284 1996 341 η

432 377 591 479 possitne
610 369 994 470 illudHermogsniani
1012 387 1191 443 assertum
1209 367 1298 442 adeo
1314 369 1479 444 absolute
1492 375 1529 444 in
1543 369 1743 444 sationibus
1757 371 1924 449 bonlin'um
1937 383 2019 459 admit*

431 481 484 566 ti,
502 491 541 548 ut
561 477 758 571 constringi
787 473 887 546 nullu
907 471 1043 542 ratione
1069 467 1202 570 possiti
1219 465 1406 566 Equidem
1433 497 1518 544 cum
1545 485 1731 571 pectorum
1762 473 1950 550 observantia
1965 486 2013 586 juri

431 579 600 674 gentium
617 576 684 664 sit,
701 571 855 646 dubium
874 593 946 645 non
964 585 1040 660 est,
1060 571 1169 642 iidem
1189 568 1303 641 semel
1319 571 1445 643 datam
1470 571 1548 644 sine
1575 573 1805 672 turpitudinis
1821 591 1894 646 rrota
1911 579 2010 659 10...

431 699 552 778 posse,
573 699 636 773 per
663 679 689 744 l.
714 671 807 774 ¹·ff·
825 672 871 744 de
889 673 1037 744 constit.
1054 669 1215 766 psaltis
1242 673 1341 742 enim
1360 672 1455 768 quod
1474 671 1521 744 ab
1541 673 1648 744 initio
1668 671 1841 746 libertatis
1863 673 1927 764 luit,
1943 697 2008 777 pue,

429 778 652 848 necessitatis
666 773 843 861 redditur,
860 777 887 844 1.
905 771 940 843 5.
960 793 991 842 o.
1010 769 1058 840 de
1079 769 1126 840 Ο.
1144 783 1181 839 et
1201 768 1253 838 A.
1271 776 1338 840 Ast
1351 774 1557 871 saepissime
1568 775 1679 844 etiam
1698 775 1737 844 in
1757 771 1828 843 illis
1842 780 2007 870 negotianti

430 877 614 973 negotium
634 873 818 971 quoddam
840 884 1006 942 mutuum
1026 893 1087 940 seu
1106 881 1252 967 parturn
1273 893 1345 941 non
1365 871 1576 958 intervenit,
1595 872 1760 944 ridemus
1777 875 1824 943 its
1838 871 2005 955 deresusli.

431 975 607 1074 sporrondi
635 974 827 1044 arbitrium
847 971 1035 1066 restringi,
1054 983 1095 1038 ut
1114 964 1160 1038 ab
1177 967 1262 1060 illo,
1278 970 1371 1066 quod
1390 969 1500 1042 semel
1522 973 1750 1070 dispositum,
1766 973 1903 1070 amplius
1916 979 2006 1053 recedo

432 1097 505 1146 non
525 1075 643 1145 liceat.
673 1067 749 1142 Hoc
774 1096 860 1143 vero
878 1093 961 1142 cunt
982 1073 1018 1138 in
1039 1069 1147 1138 variis
1171 1092 1292 1140 rerum
1322 1072 1545 1166 argumentis
1563 1097 1625 1143 usu
1644 1071 1779 1161 veniat,
1793 1097 1902 1169 operae
1923 1099 2009 1177 nepe

427 1177 525 1246 tium
546 1171 724 1246 sactorum
752 1171 893 1258 censui,
908 1171 937 1240 si
956 1169 1165 1266 speciminis
1181 1169 1377 1242 academici
1398 1169 1493 1259 loco,
1511 1172 1701 1244 materiam
1721 1169 1769 1242 de
1785 1171 2010 1268 derogationp.

430 1285 541 1344 turae
557 1273 815 1372 dispositionis
844 1266 1101 1342 elaborandam
1125 1281 1164 1338 et
1187 1265 1353 1368 publicae
1382 1270 1609 1343 ventilationi
1628 1270 1870 1371 exponendam
1891 1297 2010 1374 sumpta,

429 1372 585 1445 Factam
612 1373 676 1443 lsoc
695 1383 749 1442 est
769 1369 1016 1472 praesentibus
1030 1369 1187 1467 paginis,
1204 1393 1293 1466 quas
1311 1369 1458 1442 candidi
1477 1370 1620 1443 lectoris
1636 1397 1752 1470 aequo
1769 1369 1922 1443 submitto
1930 1377 2010 1473 julirir,

428 1485 465 1543 et
482 1495 565 1543 cum
580 1471 753 1544 materiae
763 1471 959 1570 praesentis
973 1472 1064 1540 ratio
1087 1471 1309 1540 occasionem
1326 1469 1415 1542 milri
1436 1471 1734 1570 suppeditaverit,
1747 1469 1793 1542 ad
1810 1470 2008 1570 publicaretis

428 1573 710 1662 controversias,
729 1563 833 1642 bodie
852 1594 923 1642 non
953 1573 1118 1666 ignotas,
1144 1569 1381 1660 excurrendi,
1410 1576 1552 1642 vettium
1582 1571 1673 1644 milri
1702 1567 1879 1670 polliceor,
1899 1575 1919 1643 si
1939 1573 2008 1671 platin

427 1673 591 1744 omnium
612 1697 689 1744 mea
709 1694 783 1744 non
802 1673 964 1742 arriserit
985 1669 1129 1758 decisio,
1147 1693 1230 1740 curn
1248 1672 1413 1767 ignotum
1435 1697 1506 1744 iton
1522 1673 1589 1764 sit,
1605 1673 1792 1771 opiniones
1808 1673 1901 1742 etiarn
1915 1672 2006 1772 prulsli

376 1779 378 1786 ’
427 1771 479 1844 les
494 1773 532 1843 in
550 1771 744 1846 academiis
762 1772 859 1842 licite
875 1769 1033 1841 delendi.
1055 1769 1106 1840 De
1122 1782 1266 1842 caetero
1288 1774 1480 1844 rosteriam
1507 1774 1544 1844 in
1564 1786 1636 1844 tres
1655 1775 1874 1870 potissimum
1893 1787 1973 1870 partes
1984 1775 2009 1844 li

433 1895 590 1972 sparsere
622 1871 741 1944 libuit.
779 1873 828 1942 Et
861 1872 978 1969 capite
1015 1868 1165 1968 quidem
1202 1871 1321 1968 primo
1353 1872 1601 1962 emunderssi,
1629 1897 1701 1970 qua
1736 1873 1867 1944 ratione
1894 1872 1933 1944 rel
1950 1877 2010 1972 inp

420 1983 548 2060 tator,
575 1969 631 2044 vel
666 1974 846 2069 principes
878 1969 1017 2042 futurae
1050 1991 1133 2041 suae
1166 1968 1392 2068 dispositioni
1418 1971 1678 2072 praejudicium
1712 1971 1901 2058 inferre,et
1925 1971 2009 2043 liberti·

430 2083 505 2142 tem
519 2072 623 2144 aliter
641 2069 853 2170 disponendi
869 2069 937 2142 sibi
955 2071 1116 2142 adimere
1137 2073 1284 2169 possint.
1301 2069 1472 2168 Sequenti
1487 2077 1605 2172 capite
1622 2077 1846 2172 privatorum
1857 2074 1954 2168 negotis
1966 2097 2008 2144 rur·

430 2173 602 2262 sideravi,
617 2183 794 2270 quatenus
815 2169 870 2242 illi
890 2173 987 2242 inter
1015 2171 1114 2244 vivos
1142 2167 1284 2241 intutae
1301 2171 1526 2269 dispositioni
1553 2173 1727 2270 derogare
1750 2172 2009 2245 soleantiastrem

428 2272 579 2346 demum
597 2273 730 2372 capite,
741 2271 832 2371 quid
848 2272 887 2344 in
904 2270 1045 2344 ultimis
1060 2269 1309 2342 uoluntatibus
1324 2272 1382 2344 liic
1397 2270 1675 2360 observandum,
1692 2285 1733 2344 et
1780 2301 1820 2346 us
1839 2275 2008 2346 ratimetssts·

428 2385 635 2445 mentorum
663 2376 878 2444 mutationes
895 2369 1064 2469 impediri
1079 2371 1233 2470 possint,
1260 2374 1477 2470 expositum.
1496 2373 1588 2445 Deus
1601 2374 1709 2448 nubis
1725 2299 1819 2447 adsit
1833 2377 1920 2473 gratis
1932 2383 2007 2464 ru,rt

430 2474 556 2546 omnia
583 2476 620 2546 in
639 2471 749 2574 ipsius
766 2471 917 2572 gloriam
936 2493 976 2544 ac
996 2472 1084 2568 reip.
1104 2469 1347 2546 commodum
1366 2473 1549 2548 eveniant.

1096 2650 1347 2720 cuent*
1393 2655 1420 2722 l.

818 2825 874 2896 Da
899 2826 1127 2918 derogatione
1128 2825 1279 2918 suturae
1293 2824 1529 2920 dispositionis
1548 2828 1715 2922 publicae.

687 3003 708 3054 S
722 2995 794 3060 tritt
802 3003 839 3058 11
846 3003 876 3057 A
889 3005 913 3058 tt
924 3003 943 3056 t
954 3001 983 3056 A
1293 2997 1450 3057 Adduertur
1467 3001 1591 3058 Badiam
1608 3003 1768 3074 firmans.
1787 3025 1814 3062 ιι.
1832 3005 1871 3062 tt.
1887 3005 1921 3058 18

1290 3085 1393 3142 Nostra
1407 3087 1554 3143 sententie.
1574 3105 1601 3142 ιι.
1620 3091 1665 3142 88.

424 3171 676 3244 Petettosfirendi
692 3173 721 3228 11.
739 3171 901 3229 exercitium
928 3170 1081 3248 majestatis
1104 3187 1240 3228 suntrnutn
1290 3169 1363 3238 AE'J'us
1380 3173 1464 3228 ratio.
1483 3192 1511 3225 ιι.
1527 3170 1571 3226 84.
1589 3173 1635 3226 tt.

459 3267 507 3310 est.
523 3274 550 3310 ιι.
570 3261 594 3310 1.
1291 3255 1461 3325 diffitentur
1469 3256 1589 3311 rationes
1599 3259 1772 3314 contrariae.
1786 3277 1812 3312 rr.
1825 3258 1863 3311 80.
1878 3257 1913 3308 87.
1923 3247 2006 3308 dil-ll

424 3343 546 3397 Notatur
567 3342 736 3398 Treutlerst.
754 3362 781 3396 ιι.
803 3343 831 3397 8.
1292 3342 1340 3394 An
1349 3337 1467 3408 suturae
1484 3339 1678 3396 consuetudini
1695 3344 1825 3414 derogari
1835 3340 1922 3412 pauit?
1932 3356 1951 3392 ι.
1963 3335 1987 3387 ll-

424 3428 484 3480 Η.
501 3435 560 3478 tens
578 3429 607 3481 ri
621 3427 744 3482 erastino
761 3445 844 3497 quarn
862 3423 992 3480 directius
1011 3425 1143 3498 ailr'gunt·
1162 3445 1190 3480 ιι.
1209 3426 1235 3480 8.
1296 3425 1469 3482 Consuetudo
1488 3426 1546 3480 uin
1564 3426 1632 3495 legis
1650 3427 1740 3480 iubet.
1758 3446 1786 3480 n.
1804 3427 1844 3480 48.

424 3514 474 3568 An
494 3508 565 3563 idem
585 3525 678 3565 rerunt
696 3509 782 3565 sitris
799 3509 991 3566 lieiuiliira?
1008 3529 1037 3566 rr.
1056 3512 1083 3565 4.
1295 3509 1439 3576 Quomodo
1458 3507 1576 3580 differat
1593 3528 1612 3564 a
1629 3510 1694 3583 legs.
1707 3530 1735 3566 n.
1753 3511 1797 3566 48.

424 3595 508 3650 Ratio
527 3593 633 3648 asserti.
653 3609 679 3646 ιι.
699 3593 726 3646 li.
1283 3593 1370 3660 ¹Quid
1384 3593 1443 3648 sit?
1462 3613 1489 3648 rr.
1509 3592 1552 3647 44.

424 3679 482 3732 lt.
501 3679 656 3734 ustionibus
678 3679 775 3734 sirium
791 3683 922 3751 firmam
947 3681 1151 3750 praeteribunt.
1166 3699 1195 3736 ιι.
1218 3681 1244 3734 0.
1292 3677 1357 3730 Nan
1372 3679 1456 3735 datar
1475 3679 1523 3732 leae
1537 3677 1710 3746 pernsisrs'ua.
1725 3699 1753 3734 ιι.
1772 3679 1815 3733 48.
1832 3679 1869 3730 41.

424 3761 585 3818 Intellectus
603 3763 622 3817 1.
643 3763 667 3816 li.
686 3781 709 3818 e.
728 3765 760 3819 tle
778 3765 809 3816 tt.
827 3764 977 3820 remissius.
995 3785 1022 3818 n.
1037 3767 1065 3818 7.
1293 3760 1450 3832 Principali
1473 3761 1637 3834 paerstiuni,
1655 3783 1684 3818 ιι.
1702 3764 1749 3818 41.
1766 3761 1914 3835 properiter,
1932 3745 2005 3822 nard

395 3835 401 3846 ’
424 3845 561 3914 Princeps
570 3845 692 3914 ferenda
717 3847 746 3900 tt.
764 3865 823 3903 nan
849 3848 963 3920 &ragat
986 3865 1055 3904 suae
1070 3848 1247 3921 disperdisti
1327 3856 1373 3901 tter
1392 3866 1420 3902 ιι.
1439 3850 1484 3902 47.

455 3929 583 4000 flaturae·
602 3949 631 3983 ιι.
650 3931 676 3982 8.
1293 3933 1423 3986 Ilatiurres
1438 3933 1597 3990 sententias.
1615 3951 1644 3986 ιι.
1661 3931 1705 3988 48.
1724 3933 1771 3988 40.
1788 3935 1831 3988 tu.

424 4013 509 4068 ttatta
527 4013 557 4065 irs
574 4013 662 4069 salute
677 4013 796 4081 publiea·
816 4033 845 4065 ιι.
863 4013 890 4066 8.
1292 4015 1446 4070 lintitatio.
1464 4035 1492 4068 ιι.
1503 4018 1547 4070 ttt.

425 4096 478 4148 Aa
495 4097 623 4166 princeps
644 4096 731 4166 possit
746 4097 877 4168 derogare
897 4098 1030 4170 parcitati
1045 4099 1248 4171 teqtttrrorteet
1293 4101 1343 4150 An
1368 4101 1534 4156 consuetudo
1559 4099 1700 4156 contraria
1723 4099 1809 4172 postu
1837 4092 1914 4152 induri
1928 4096 2003 4162 tvi*

463 4197 542 4235 ιιιιιιι.
560 4183 605 4233 10.
1330 4182 1534 4250 scriptionem?
1551 4203 1580 4237 ιι.
1599 4185 1643 4236 118.

391 4259 396 4268 ’
423 4263 567 4333 Adjicitur
583 4265 737 4337 exemplum
756 4285 793 4320 ese
806 4266 823 4320 1.
837 4267 863 4320 8.
881 4285 904 4321 e.
923 4265 958 4322 de
975 4268 1004 4322 tt.
1024 4289 1052 4324 n.
1074 4274 1120 4324 11.
1295 4267 1488 4335 &spondetur
1504 4283 1563 4336 neg.
1585 4281 1647 4322 earn
1666 4261 1828 4319 rationibus·
1844 4280 1868 4314 ιι.
1882 4259 1916 4311 tt.
1927 4251 1954 4306 il.

432 4346 539 4401 Variae
555 4349 599 4402 dd.
616 4349 766 4404 sententiae
784 4350 817 4404 da
835 4349 886 4403 ista
905 4351 924 4405 l.
943 4370 971 4405 ιι.
991 4353 1036 4404 18.
1057 4355 1101 4408 1³.
1295 4351 1342 4402 Ars
1363 4361 1463 4406 eontra
1480 4359 1609 4406 statuturo
1636 4351 1774 4421 derogant
1787 4346 1865 4420 parsit
1878 4336 1936 4399 eliel
1946 4325 2004 4387 888

426 4429 579 4490 Distinett'u
607 4432 652 4487 dd.
670 4434 848 4506 interregem
865 4436 1020 4492 absolutum
1040 4449 1143 4494 etstan
1168 4437 1246 4494 alto·
1329 4431 1377 4485 ⁶5?
1393 4451 1420 4486 n.
1438 4431 1484 4488 ⁸⁸·

464 4515 559 4571 iatum.
579 4535 607 4570 ιι.
626 4518 670 4570 14.
1295 4517 1482 4586 despondetur
1502 4517 1640 4590 negando.
1659 4535 1687 4572 rs.
1704 4515 1749 4570 tt.
1767 4516 1809 4568 87.

429 4597 573 4654 Sententia
591 4612 688 4655 nostru
706 4603 839 4656 detentu
857 4601 884 4656 d.
902 4603 922 4654 1.
941 4601 967 4654 8.
987 4619 1014 4656 ιι.
1036 4605 1095 4678 18.1
1296 4597 1465 4668 Afferuntur
1480 4605 1608 4668 ereempla
1628 4619 1665 4658 eu
1681 4602 1733 4670 iar.
1750 4599 1822 4674 nott.
1840 4616 1863 4652 n.
1878 4595 1913 4647 70·

427 4683 600 4738 Declaratur
617 4685 805 4739 sententiare.
825 4685 870 4736 10.
1296 4682 1436 4740 Indicium
1453 4688 1592 4757 generale.
1611 4705 1637 4742 ιι.
1657 4687 1701 4739 tt.
1961 4749 1965 4760 .

426 4767 576 4842 Subjieitur
586 4785 663 4824 rarus
674 4766 788 4838 effeetus
800 4768 1149 4840 slauruluetisrogatsriue.
1163 4789 1191 4826 ιι.
1201 4775 1247 4826 17.
1297 4771 1451 4841 Derogotar
1472 4771 1600 4838 potestati
1626 4768 1798 4841 imperatoris
1811 4753 2001 4836 pertitam*

427 4851 577 4908 limitatio.
597 4869 622 4906 ιι.
642 4854 687 4904 18.
1332 4871 1361 4906 ιι.
1379 4855 1423 4906 00.

427 4937 616 5002 despondetur
633 4937 668 4990 ad
686 4947 785 5008 praeest.
804 4955 833 4990 ιι.
852 4935 896 4988 10.
919 4937 1099 5008 propositum.
1118 4957 1146 4994 n.
1166 4939 1210 4994 80.
1299 4935 1341 4990 11ι
1358 4934 1484 4990 clausule
1506 4935 1700 4993 annullaturia
1719 4933 1849 5008 captator.
1863 4930 1945 5004 ejusque
1955 4909 2000 4986 ll*⁸

427 5015 583 5074 Errlrs'ietur
599 5017 704 5075 cautela
725 5018 822 5074 ararit
841 5039 866 5074 ιι.
887 5021 933 5074 81.
954 5023 996 5076 88.
1332 5035 1362 5073 ιι.
1379 5017 1427 5072 dl.
1444 5019 1489 5072 08.

429 5103 620 5174 nupseram
637 5103 795 5173 abjectioni.
814 5121 841 5157 ιι.
861 5103 905 5159 88.
1297 5103 1420 5161 Gratilla
1437 5105 1561 5161 clausule
1578 5107 1609 5159 in
1626 5107 1768 5162 mansilis
1782 5105 1853 5177 sepit·
1865 5073 1999 5155 anua-³⁵⁶¹

433 5185 519 5240 Datis
537 5188 722 5242 reuertalidns
738 5187 792 5242 sibi
807 5183 943 5258 ueroeam
957 5189 1102 5261 prinsipes.
1131 5207 1158 5242 n.
1168 5189 1212 5243 84.
1299 5193 1347 5244 An
1365 5189 1416 5258 ipsi
1432 5188 1512 5252 emit·
1524 5187 1597 5244 insit.
1609 5191 1765 5248 annullatio
1783 5167 1978 5244 esntrsn'tffll'·

429 5273 480 5324 Aa
499 5270 615 5342 simplee
630 5271 774 5342 derogatis
790 5272 922 5341 11.ρ1αιιι
935 5273 1088 5330 iuratust
1105 5293 1132 5326 ιι.
1146 5275 1181 5326 ut
1206 5275 1248 5330 80.
1297 5273 1427 5330 limnaei
1441 5275 1585 5330 sententia.
1604 5293 1632 5330 n.
1649 5277 1693 5330 ut.
1711 5276 1754 5330 08.
1772 5275 1812 5328 07.
1829 5271 1866 5326 ii

430 5355 468 5409 Its
485 5353 515 5408 11.
533 5355 634 5410 ultimis
645 5356 769 5424 priorum
783 5353 975 5430 ᾰιιομιιιίιιιιι
990 5357 1249 5430 utentiajirer'enda.
1299 5359 1403 5412 Nostra
1420 5358 1564 5412 sententia.
1582 5376 1610 5412 ιι.
1630 5360 1678 5412 00.
1693 5363 1735 5414 70.
1760 5361 1802 5412 71.

429 5509 433 5518 .
471 5460 499 5494 ιι.
520 5441 565 5492 87.
1300 5442 1423 5498 Diluitur
1440 5443 1566 5516 otjecrto.
1583 5461 1610 5496 ιι.
1630 5445 1677 5497 78.

432 5523 580 5579 laudatar
597 5521 805 5593 Piffendsrfius.
827 5540 855 5578 ιι.
874 5521 918 5576 88.
1303 5527 1377 5600 Quid
1392 5527 1507 5594 intersit,
1525 5547 1561 5582 un
1579 5529 1706 5586 elautula
1722 5506 1994 5588 muemrdrtt·⁶'

427 5609 501 5676 silius
517 5611 653 5665 sententio
672 5609 827 5682 ampliatur.
846 5625 871 5660 ιι.
891 5607 937 5660 80.
1144 5629 1146 5632 ·
1333 5611 1403 5674 eus?
1417 5629 1446 5667 ιι.
1474 5613 1518 5666 78.
1537 5610 1581 5665 74.

433 5697 481 5747 An
490 5695 615 5765 prirrseus
623 5698 707 5767 passis
719 5691 997 5769 revaearerririlegia
1006 5697 1155 5754 santerre?
1165 5713 1193 5753 ιι.
1207 5697 1251 5754 80.
1301 5699 1421 5758 Notatur
1437 5699 1587 5758 nanneto
1603 5695 1655 5755 rili
1670 5695 1721 5771 iper·
1735 5663 1969 5752 iseirtrnitteenslr·ii
