4408 6210
846 439 1326 520 orsrurarro
1363 437 1669 520 ourava

546 659 650 774 Μ
703 656 1213 778 sunuutttttttu
1266 655 1962 780 uustuutttttuuutn

798 891 935 965 Vols
972 890 1121 962 DEM
1158 891 1718 981 nunu-rursum,

1040 1113 1094 1156 ms
1117 1113 1184 1157 m.
1208 1115 1293 1160 tumr
1315 1114 1477 1162 mml-

1097 1301 1363 1360 essecestra
1378 1310 1428 1352 ra

509 1469 715 1542 suuouro
737 1465 982 1540 uunovruo
1005 1466 1071 1539 on
1094 1468 1722 1564 seuwaazsuassm,EQu1rs
1744 1465 1997 1540 runamuo.
2113 1529 2114 1552 ,

1009 1775 1508 1816 -—·--0-———-

1052 2041 1459 2115 PRAEFATIO.

424 2247 638 2416 Domum
664 2344 796 2440 cuique
821 2361 922 2412 suam
950 2340 1178 2412 tutissimum
1211 2361 1287 2410 esse
1321 2337 1497 2438 refugium
1535 2352 1644 2440 atque
1680 2335 1976 2437 receptaculum,
1997 2333 2060 2407 oliu
2113 2325 2114 2340 ¹

424 2445 539 2544 Gajus
564 2441 668 2515 Jctus
695 2442 836 2515 monuit
862 2441 902 2510 in
928 2443 954 2512 l.
976 2445 1151 2538 plerique
1183 2440 1239 2511 18.
1251 2439 1308 2538 ff.
1336 2441 1382 2513 de
1409 2449 1449 2514 in
1471 2446 1535 2544 jus
1563 2439 1734 2514 vocando.
1760 2442 1844 2534 Quo
1871 2439 1944 2537 ipso
1966 2450 1997 2508 et
2013 2439 2060 2534 pri·

423 2545 519 2618 ratis
545 2543 691 2615 aedibus
716 2543 948 2614 sanctitatem
962 2541 1162 2638 quamdam
1188 2555 1362 2614 assertam
1389 2566 1475 2634 esse,
1502 2543 1596 2616 haud
1625 2541 1772 2638 obscure
1800 2541 1959 2639 patescit,
1982 2537 2061 2622 adeo,

426 2656 465 2717 ut
493 2665 558 2714 nec
585 2645 672 2745 juris
698 2640 911 2743 experiundi
936 2665 1041 2714 causa
1067 2640 1229 2738 aliquem
1254 2665 1298 2712 ex
1324 2641 1474 2718 aedibus
1499 2643 1699 2732 extrahere,
1725 2655 1762 2712 et
1788 2641 1829 2712 in
1863 2645 1919 2741 jus
1951 2657 2060 2722 rocam,

424 2744 568 2818 licitum
596 2743 722 2818 fuerit:
749 2769 791 2816 eo
821 2745 920 2814 euim
948 2743 1020 2814 fine
1045 2742 1151 2814 aedes
1178 2745 1330 2840 quisque
1355 2767 1581 2844 comparasse
1606 2742 1676 2814 sibi
1693 2739 1932 2833 cremebatur,
1956 2753 1990 2811 ut
2006 2735 2059 2834 pri·

428 2856 535 2918 ratae
559 2846 762 2916 securitatis
787 2867 871 2913 suae
899 2842 1119 2940 praesidium
1145 2843 1231 2912 inde
1256 2855 1410 2942 caperet,
1438 2869 1523 2919 nam
1556 2857 1593 2916 et
1618 2843 1763 2915 testudo
1796 2845 1894 2914 intra
1927 2856 2059 2937 tegumen

425 2969 532 3016 suum
560 2957 636 3014 tuta
664 2958 741 3034 est,
768 2951 938 3014 etvetus
965 2940 1194 3040 proverbium
1223 2940 1343 3016 habet.
1372 2947 1467 3018 Hinc
1501 2945 1626 3017 Cicero
1659 2947 1699 3014 in
1735 2957 1836 3016 erut.
1867 2965 1936 3042 pro
1972 2940 2058 3010 domu
2113 2957 2114 2960 ’

428 3069 459 3118 o.
496 3065 573 3139 ¹09·
602 3041 708 3138 Quid
733 3057 789 3115 est
815 3043 1003 3134 sanctius,
1031 3043 1067 3112 in
1098 3042 1171 3129 uit,
1201 3043 1296 3140 quid
1332 3051 1433 3118 omni
1459 3050 1642 3142 religione
1669 3046 1868 3134 munitius,
1895 3065 1996 3143 quam
2017 3037 2058 3108 la

429 3167 512 3216 mus
537 3146 838 3246 uniuscujusque
864 3140 1028 3216 civium?
1097 3143 1132 3212 ic
1156 3164 1247 3217 arae
1271 3161 1381 3234 suut,
1408 3145 1470 3220 laio
1486 3143 1592 3246 foci,
1625 3143 1688 3218 isio
1719 3143 1791 3214 Dii
1818 3159 1988 3243 penates,
2017 3135 2059 3210 lit

429 3265 559 3318 sacrae
585 3248 778 3342 religionis
804 3245 1034 3316 ceremoniae
1058 3245 1324 3316 continentur:
1350 3245 1419 3320 hoc
1440 3247 1663 3346 perfugium
1687 3260 1745 3316 est
1773 3248 1831 3317 ita
1856 3256 2013 3317 sanctum
2036 3259 2060 3304 ⁰·

429 3343 586 3434 mnibus,
610 3360 656 3416 ut
682 3344 770 3416 inde
794 3343 917 3439 abripi
943 3347 1127 3414 neminem
1142 3339 1213 3441 fus
1238 3350 1301 3418 sit.
1327 3346 1401 3420 Nec
1435 3350 1556 3419 minus
1582 3360 1718 3418 veteres
1742 3344 1944 3417 Germanos
1961 3343 2060 3413 laesam

429 3447 592 3546 privatae
617 3443 747 3516 domus
772 3443 1005 3517 securitatem
1030 3446 1188 3538 graviter
1214 3448 1438 3519 vindicatam
1466 3447 1637 3534 voluisse,
1654 3466 1698 3515 ex
1720 3444 1859 3544 legibus
1877 3439 2060 3540 Wisigotha-

429 3570 527 3636 rum,
553 3543 858 3640 Burgundionum
888 3555 924 3614 et
950 3541 1177 3632 Frislonum,
1205 3543 1357 3618 diversis
1387 3551 1473 3620 locis
1490 3551 1532 3619 in
1549 3545 1677 3620 codice
1693 3547 1819 3644 legum
1837 3549 2060 3643 antiquarum,
2113 3615 2114 3620 η

432 3643 601 3748 probavit
628 3644 929 3742 Lindenbrogius.
956 3643 1062 3736 Quod
1090 3643 1119 3714 si
1146 3644 1195 3714 ita
1223 3659 1289 3738 est,
1316 3649 1505 3722 utirevera
1530 3661 1598 3738 est,
1623 3641 1796 3744 quis'nou
1816 3635 2060 3745 'maioremsau
2112 3657 2114 3706 '1

433 3749 599 3832 ctitatem
626 3747 663 3815 iu
693 3743 847 3843 publicis
872 3745 1078 3845 principum
1107 3739 1250 3840 palatiis
1275 3770 1315 3824 ao
1346 3748 1548 3824 residentiis
1572 3760 1610 3820 et
1636 3745 1809 3820 fateretur
1835 3760 1873 3818 et
1911 3758 2059 3818 venerare
2113 3833 2114 3836 Ἴ

433 3843 515 3916 turi
541 3867 627 3914 sarae
653 3845 729 3942 ipsa
757 3848 931 3944 principis
959 3865 1106 3939 persona
1133 3843 1306 3916 omuibus
1331 3863 1453 3920 sancta
1480 3871 1554 3917 esse
1579 3845 1698 3935 debet,
1723 3869 1808 3919 cuna
1835 3847 1899 3918 Dei
1934 3838 2059 3915 vicesis
2113 3839 2114 3842 ’

434 3946 542 4016 terris
567 3957 680 4040 gerat,
705 3956 741 4014 et
769 3944 854 4015 inde
880 3941 1048 4030 subditis,
1075 3965 1148 4013 uon
1175 3944 1245 4014 nisi
1271 3944 1433 4044 obsequii
1461 3948 1616 4044 gloriam
1644 3946 1701 4016 hic
1727 3967 1917 4045 superesse,
1944 3932 2059 4040 apostoli

434 4057 568 4117 asserto
594 4046 666 4142 jam
695 4041 897 4141 probatum.
924 4045 1041 4138 Quare
1067 4051 1103 4112 et
1128 4041 1281 4115 subditis
1307 4070 1494 4120 necessum
1522 4061 1588 4137 eat,
1614 4057 1735 4118 sancta
1763 4045 2060 4136 antemnaque

434 4148 599 4246 princeps
628 4142 747 4216 usibus
772 4151 844 4216 suis
869 4143 993 4240 selegit
1009 4155 1046 4214 et
1072 4141 1299 4240 privatorum
1318 4171 1470 4220 numero
1487 4151 1634 4218 exemit.
1653 4145 1882 4218 Residentiae
1901 4143 2059 4236 hecquem

434 4247 597 4318 maxime
623 4245 821 4342 pertinent,
847 4247 885 4317 in
911 4241 1041 4341 quibus
1066 4244 1223 4340 corporis
1249 4248 1436 4344 animique
1462 4251 1622 4343 quietem
1640 4259 1821 4343 quaeruut
1839 4235 2058 4316 terrarumdo·

437 4347 549 4432 mini;
576 4344 620 4415 ad
651 4369 740 4441 quas
766 4369 849 4416 cum
877 4346 1019 4416 aditum
1045 4341 1125 4412 aliis
1151 4367 1296 4440 quoque
1320 4347 1533 4432 concedant,
1559 4350 1620 4441 qui
1650 4350 1740 4446 juris
1765 4348 1818 4416 sui
1847 4342 1963 4416 tuendi
1985 4355 2057 4408 cauo

437 4444 485 4516 ad
510 4443 631 4515 aulam
658 4445 828 4542 principis
855 4459 1042 4542 tamquam
1069 4463 1206 4515 sacram
1234 4461 1424 4518 recurrunt
1452 4445 1666 4536 anchoram,
1696 4446 1864 4516 securitas
1889 4453 1977 4514 certe
2006 4455 2059 4503 mr·

437 4548 535 4615 xima
562 4545 647 4641 ipsis
674 4557 794 4642 patere
819 4544 939 4632 debet,
966 4566 1009 4612 ne
1035 4541 1138 4631 inde,
1173 4560 1297 4616 contra
1324 4551 1586 4645 imperatorum
1615 4547 1796 4615 usonitum
1823 4545 1860 4616 in
1887 4534 2056 4636 l'eg.16·⁶·

439 4643 540 4714 ualde
567 4647 622 4732 vi,
649 4644 863 4742 injuriarum
890 4643 1026 4714 occasio
1059 4655 1237 4732 nascatur,
1264 4646 1360 4718 unde
1386 4651 1463 4746 jura
1489 4645 1665 4744 proficisci
1682 4642 1828 4716 debent.
1847 4645 1984 4725 Verum,
1998 4648 2055 4702 cum

440 4744 534 4815 nihil
562 4756 660 4814 tanta
689 4747 882 4814 sanctitate
910 4746 1127 4813 instructum
1154 4751 1220 4833 sit,
1245 4747 1341 4842 quod
1370 4771 1439 4818 uon
1468 4771 1553 4816 ausu
1581 4745 1771 4817 temerario
1789 4739 2055 4836 violarealiquau·

439 4845 486 4916 do
512 4846 677 4914 nitantur
704 4841 931 4930 malefecisti,
958 4843 1043 4913 hine
1070 4842 1192 4914 thema
1220 4845 1286 4917 hoc
1311 4844 1531 4940 seligendum
1558 4849 1696 4932 censui,
1716 4845 1755 4914 in
1781 4868 1853 4942 quo
1870 4841 1989 4936 ingenii
2005 4846 2052 4900 mu

441 4947 536 5015 vires
564 4943 787 5040 periclitarer
815 4942 980 5041 publice3
1008 4967 1078 5038 quo
1105 4945 1176 5012 fine
1202 4968 1276 5015 non
1306 4959 1449 5017 tantum
1479 4949 1515 5014 in
1545 4946 1779 5016 fundamenta
1807 4939 1992 5014 sanctitatis
2012 4929 2053 4996 hl·

441 5047 496 5142 jus
521 5045 710 5140 inquisivi,
737 5043 797 5112 sed
826 5056 861 5112 et
890 5067 1017 5138 poeuas
1045 5042 1280 5115 violatoribus
1306 5045 1465 5132 debitas,
1492 5069 1531 5116 es
1559 5057 1681 5114 tamen
1719 5067 1789 5142 qua
1819 5043 1915 5114 licuit
1939 5031 2053 5108 breviis·

441 5156 491 5232 te,
517 5144 562 5213 ob
589 5147 724 5212 instans
752 5151 832 5229 iter,
857 5141 988 5238 adjeci.
1015 5140 1120 5232 Quod
1146 5144 1174 5212 si
1203 5157 1283 5213 tuae
1309 5143 1345 5215 b.
1374 5144 1396 5214 l.
1424 5143 1663 5243 expectationi
1698 5169 1754 5214 mc
1789 5167 1857 5214 nou
1890 5128 2052 5234 satisfecisse

442 5245 603 5324 senseris,
631 5240 734 5311 facile
761 5242 902 5312 versiam
932 5241 1091 5334 largieris
1118 5243 1222 5329 mihi,
1249 5245 1375 5340 quiea
1402 5258 1517 5314 aetate
1543 5269 1641 5332 sum,
1668 5269 1688 5314 a
1713 5267 1781 5340 qua
1810 5237 1943 5313 errandi
1974 5221 2050 5302 sail-

444 5359 496 5412 tas
521 5343 636 5411 aliena
667 5365 735 5410 nou
763 5355 828 5427 est,
854 5342 912 5411 sed
941 5355 976 5410 et
1002 5341 1064 5436 qui
1091 5365 1131 5412 eo
1156 5367 1235 5412 sum
1262 5347 1419 5438 ingenio,
1436 5369 1509 5440 quo
1528 5343 1676 5414 meliora
1693 5343 1879 5414 ducentem
1899 5361 1950 5410 me
1965 5343 2050 5436 profssj

444 5445 607 5540 plissime
632 5455 835 5510 secuturum
864 5442 1006 5510 credere
1041 5443 1173 5538 possis.
1203 5443 1319 5514 Deum
1349 5469 1431 5514 vero
1458 5449 1639 5542 optimum
1669 5445 1890 5525 maximum,
1923 5450 1958 5506 ut
1988 5421 2048 5532 mill

445 5569 548 5640 porro
576 5543 726 5631 assistat,
754 5567 825 5636 quo
848 5543 885 5608 iu
913 5543 1020 5636 ipsius
1048 5541 1209 5637 gloriam,
1237 5545 1406 5639 quicquid
1435 5569 1451 5614 a
1483 5568 1539 5614 me
1567 5567 1727 5640 siliquam
1756 5552 1944 5638 susceptum
1963 5528 2047 5600 luent,

446 5647 547 5718 urtice
577 5641 714 5724 tendat,
741 5640 893 5742 supplex
919 5663 1077 5715 veneror.
1106 5641 1206 5712 Fuxit
1238 5669 1379 5741 quoque
1405 5667 1567 5716 suntmus
1586 5643 1642 5715 hic
1664 5641 1750 5714 belli
1771 5647 1927 5743 pacisque
1942 5627 2046 5702 arbitra
