4352 6226
362 347 369 360 ·
495 451 501 458 ,
555 291 1036 436 υιειίυτηιο
1086 355 1529 470 nnonncrnra

332 576 434 688 uu
487 577 988 694 trucutanae
1039 577 1199 695 unu
1246 575 1666 708 &wimbis

478 811 681 890 Occasione
707 819 732 888 i.
760 813 947 917 siquidem
972 839 1011 914 9.
1036 839 1067 891 c.
1093 815 1140 892 de
1164 838 1249 892 exc.
1275 830 1314 889 et
1334 839 1502 916 praescr.

889 1039 943 1078 m
962 1037 1115 1084 mlum

699 1228 761 1272 Μ’
777 1229 879 1274 mil.
902 1227 1007 1274 fillis·
1031 1230 1064 1276 Δ.
1078 1233 1109 1276 Ι·
1125 1232 1153 1276 Ι.
1177 1233 1301 1281 Μ.

462 1373 1522 1494 immmusumumznuummusmnmms
1624 1428 1629 1438 ·

750 1709 1249 1754 .....„.....

794 1974 1202 2084 rnooeurnu

166 2171 304 2346 Cum
332 2267 533 2344 studiorum
562 2295 728 2345 meorum
753 2274 846 2345 ratio
872 2293 1062 2370 exposcere
1087 2271 1283 2364 videretur,
1312 2284 1352 2344 ut
1383 2271 1581 2373 specimine
1607 2271 1765 2372 quodam
1783 2275 1838 2348 in·

164 2371 326 2468 augurali
353 2372 399 2444 ad
428 2371 596 2444 ulteriora
626 2373 716 2445 mibi
747 2377 843 2446 viam
862 2387 1061 2444 sternerem
1076 2398 1115 2444 ac
1136 2398 1411 2473 praepararem3
1433 2374 1479 2446 de
1498 2373 1659 2446 themate
1677 2375 1838 2472 quodam

164 2473 316 2558 solicito,
343 2475 477 2570 diuque
502 2480 596 2546 circa
625 2473 717 2546 banc
746 2497 821 2546 rem
849 2471 1040 2546 lluctuenti
1069 2477 1160 2545 milri
1189 2473 1401 2548 occurrebat
1427 2479 1574 2546 tandem
1603 2479 1672 2550 lex
1689 2501 1725 2572 9.
1743 2501 1774 2548 c.
1792 2477 1840 2550 de

165 2585 313 2670 except.
342 2587 458 2644 textus
487 2574 589 2645 valde
616 2573 800 2664 notabilis,
826 2587 862 2644 et
889 2573 936 2644 ob
961 2575 1163 2668 insignem,
1190 2600 1300 2673 quam
1335 2600 1401 2674 per
1437 2589 1551 2648 totam
1583 2581 1838 2676 exceptionum

167 2677 360 2744 materiam
386 2672 576 2764 diffundit,
603 2676 815 2762 utilitatem,
842 2677 929 2746 satis
954 2673 1175 2773 praeclarus,
1202 2699 1312 2774 quem
1340 2698 1445 2774 scopo
1471 2699 1551 2747 meo
1575 2675 1620 2748 ad
1643 2674 1763 2748 iorum
1784 2677 1840 2748 di-

167 2785 263 2846 recto
289 2797 362 2845 non
406 2778 723 2848 inconvenientem
759 2776 987 2861 existimans,
1021 2787 1202 2870 quantum
1239 2779 1413 2874 temporis
1444 2773 1600 2848 brevitas
1633 2777 1839 2875 viriumque

164 2873 398 2947 imbecillitas
424 2875 616 2973 indulgere
643 2879 778 2965 voluit,
803 2874 997 2947 elaboravi.
1033 2875 1171 2964 Tituli,
1205 2878 1267 2974 qui
1304 2880 1398 2972 agit,
1434 2875 1481 2948 de
1514 2879 1732 2974 excipiente
1764 2901 1842 2949 non

165 2975 345 3072 conserto,
373 2977 476 3066 ratio,
504 3002 568 3076 per
593 2999 630 3047 se
656 2993 776 3075 patet,
808 2999 874 3047 nec
907 2999 1051 3073 operosa
1088 2975 1224 3074 indiget
1257 2971 1521 3074 explicatione:
1561 2989 1720 3070 tractat,
1735 2979 1838 3050 enim

166 3077 435 3172 quaestionem:
463 3103 512 3148 an
538 3091 576 3148 et
602 3095 789 3174 quotenus
814 3080 1011 3172 excipiens
1036 3075 1083 3146 de
1108 3089 1250 3170 actoris
1277 3082 1484 3163 intentione
1511 3077 1686 3164 confiteri
1714 3077 1839 3150 videa·

167 3177 444 3248 rosseleon?
475 3182 578 3276 cujus
615 3180 874 3252 discussionem
907 3177 1095 3275 aliquanto
1128 3177 1362 3275 prolixiorem
1397 3177 1498 3248 sistet
1536 3181 1610 3276 ipsa
1647 3184 1834 3268 tractatio,

167 3298 277 3372 quam
305 3271 470 3349 benevoli
497 3277 640 3350 lectoris
665 3279 826 3377 nequiori
853 3301 893 3348 ac
920 3273 1122 3373 benigniori
1146 3299 1317 3350 censurae
1343 3275 1529 3367 submitto,
1553 3281 1702 3377 ejusque
1721 3275 1838 3351 favori

147 3399 228 3456 ‚me
252 3398 450 3476 meumque
475 3377 541 3450 lroc
567 3379 780 3478 opusculum
806 3401 876 3478 qua
902 3399 966 3476 par
992 3389 1046 3448 est
1070 3377 1260 3470 modestia,
1285 3376 1456 3452 decenter
1475 3373 1706 3450 commendo.

343 3571 392 3648 L.
418 3573 609 3671 siquidem
636 3599 671 3674 9.
697 3572 778 3646 cod.
805 3571 852 3645 dc
876 3571 1160 3690 exceptionibus
1186 3597 1252 3646 seu
1272 3569 1649 3675 praescriptionibus.

683 3711 809 3785 Iidem
835 3711 926 3783 AA.
954 3724 992 3784 et
1018 3707 1096 3782 00.
1122 3707 1312 3783 Matieno.

266 3907 454 4008 Siquidem
481 3912 724 3985 intentionem
750 3914 881 3986 actoris
906 3910 1119 4013 probatione
1145 3907 1297 3980 delicere
1312 3905 1481 4008 contidis,
1499 3905 1598 3980 nulla
1618 3901 1687 3980 tibi
1707 3905 1835 3980 delen·

167 4009 221 4078 sio
246 4017 439 4083 necessaria
466 4023 529 4082 est.
564 4013 600 4085 Si
630 4038 715 4085 vero
740 4013 785 4086 de
806 4013 874 4086 bac
899 4011 1103 4086 confitendo
1129 4009 1339 4107 exceptione
1365 4005 1411 4080 te¹
1428 4009 1616 4080 munitum
1645 4032 1839 4100 asseveras,

169 4107 306 4181 dehac
335 4118 482 4183 tantum'
507 4113 561 4208 agi
589 4117 770 4186 convenit.
796 4113 893 4186 Nam
919 4115 948 4186 si
975 4115 1086 4185 etiam
1114 4109 1159 4181 de
1186 4109 1401 4180 intentione·
1421 4105 1585 4180 dubitas:
1621 4107 1743 4180 liabita
1778 4131 1839 4179 ex·

152 4210 345 4302 ¹captionis
369 4214 639 4302 contestatione,
666 4227 752 4288 tunc
779 4213 941 4304 demum,
968 4239 1053 4286 cum
1087 4210 1332 4282 intentionem
1364 4231 1468 4280 suam
1510 4207 1710 4280 secundum
1745 4231 1839 4292 asse·

171 4310 393 4382 venationem
419 4333 520 4382 suam
548 4314 680 4410 petitor
705 4313 924 4414 probaverit,
949 4314 1035 4388 huic
1060 4335 1134 4383 esse
1160 4307 1282 4383 locum
1310 4306 1505 4382 monstrari
1531 4305 1716 4384 convenit.
1743 4304 1782 4380 S.
1804 4305 1836 4384 3.

150 4427 257 4478 ‚non
282 4431 362 4483 rrov.
391 4407 608 4506 Burtudizi,
635 4435 688 4488 cc.
716 4439 806 4490 coss.

857 4623 1092 4696 MEMBRUM
1116 4622 1144 4691 1.

665 4825 717 4895 De
740 4825 868 4913 verbis,
892 4843 1050 4896 consuet
1073 4832 1210 4895 ratione
1235 4825 1336 4916 legis.

403 5055 424 5106 S
444 5056 472 5112 U
486 5056 523 5110 Π
536 5057 572 5114 J!
587 5059 615 5112 A
634 5057 659 5110 ΙΙ
677 5059 696 5112 1
713 5059 740 5110 A
1030 5051 1348 5127 (indediffieuitariegie
1359 5048 1645 5106 umectum-iodicium
1657 5045 1844 5116 apulliam·

264 5179 266 5186 ·
1063 5131 1846 5212 nosuelpuramerct,uelcumemptionr,velmiaetanr.

165 5225 269 5286 filiolus
279 5231 354 5304 legis.
365 5237 387 5294 ς.
400 5232 426 5285 t.
1063 5228 1086 5298 ς.
1105 5227 1132 5279 ’1.
1557 5255 1560 5264 ·

160 5313 317 5384 Inscriptio.
329 5315 386 5379 Μ.
1031 5312 1103 5380 Quid
1120 5307 1278 5366 vocabalum
1296 5313 1386 5372 ector,
1397 5301 1606 5376 ikrr'gnr‘fioeti
1623 5293 1847 5372 Quidintentr'cl

156 5400 282 5457 [sertorio
295 5399 466 5458 Diocletiani
474 5411 501 5454 et
512 5397 692 5457 Jioainricni.
705 5404 728 5464 ς.
739 5398 764 5452 ³.
1062 5401 1086 5458 ς.
1105 5395 1131 5445 8.

160 5487 227 5553 Quis
242 5485 487 5556 Matienussuerit.
499 5492 522 5549 ς.
535 5485 561 5536 l.
1032 5479 1104 5549 Quid
1112 5473 1260 5547 protestet
1272 5475 1297 5546 ᾖ.
1308 5473 1334 5526 Β.

156 5571 320 5642 subscriptio
331 5569 406 5643 tegis.
419 5571 443 5643 ᾖ.
456 5571 482 5622 t.
495 5579 522 5626 et
534 5571 560 5624 t.
1030 5569 1102 5637 (ieet
1114 5559 1201 5620 credit
1212 5561 1273 5634 qvir
1285 5560 1389 5618 steen
1398 5553 1514 5631 deficere
1524 5553 1553 5610 in
1564 5550 1726 5622 maante?
1739 5558 1762 5616 t.
1775 5553 1820 5606 tc.

243 5657 344 5732 Strylrii
363 5655 424 5714 Vel.
441 5657 492 5712 ΧῙ.
1530 5639 1566 5694 88
