4336 6170
400 332 436 388 ts
825 339 831 376 5
936 323 1326 382 'ntsrurnrto
1371 327 1421 381 ΙΙΙ.
1932 333 1967 388 u

355 424 587 498 tenuis'ritae
606 421 778 496 homiues
803 444 822 493 a
850 417 1114 520 potentioribus
1140 424 1414 519 opprimantur,
1439 425 1464 491 l.
1497 419 1533 492 6.
1558 417 1593 509 S.
1623 444 1656 492 n.
1685 417 1732 492 de
1757 419 1825 520 ‘ff
1846 429 2008 518 praestat.

356 527 412 596 vel
432 523 555 596 illatae
582 523 624 592 iis
651 523 806 619 injuriae
833 519 969 591 inultae
994 533 1190 591 transeant.
1221 523 1246 590 l.
1284 547 1316 593 2.
1341 544 1371 592 c.
1405 522 1451 593 de
1478 524 1576 591 lucr.
1605 521 1771 592 advocet.
1798 521 1896 598 XII.
1917 525 2011 598 Post·

355 647 466 721 quum
490 621 588 693 enirn
608 624 646 693 iu
666 620 847 720 probitate
864 621 1017 712 exiruis,
1036 623 1074 690 iu
1093 645 1164 718 qua
1184 621 1322 692 conditi
1340 635 1445 692 eraut
1467 623 1577 719 primi
1600 623 1778 706 homiues,
1798 645 1866 691 uon
1888 631 2010 720 persti-

345 715 493 812 terunt,
512 721 572 793 sed
592 719 828 820 simplicitas,
845 719 958 809 mali,
976 731 1016 790 ut
1034 733 1087 790 est
1104 719 1200 816 apud
1221 721 1443 792 Macrobium
1480 743 1533 790 ιι.
1561 721 1612 791 ad
1634 725 1816 790 sonariam
1832 717 1930 820 Scip.
1946 722 2009 796 ud·

356 821 424 894 buc
442 824 580 908 nescia,
597 835 632 891 et
651 824 803 894 astutiae
817 823 1000 918 inexperta
1020 818 1102 889 exul
1123 819 1214 890 lacta
1234 835 1311 909 est,
1329 832 1365 891 et
1384 824 1433 892 ita
1451 835 1594 919 propter
1622 823 1796 893 moralem
1827 825 2012 896 necessita·

358 935 434 994 tern
459 920 527 1017 (de
545 945 615 1018 qua
644 921 790 992 consule
818 918 920 990 Grot.
947 920 993 991 de
1014 922 1094 1017 jur.
1120 918 1152 990 b.
1171 933 1209 990 et
1231 945 1268 1016 p.
1296 918 1360 994 tib.
1389 947 1421 991 n.
1448 944 1528 1018 cap.
1560 945 1591 990 2.
1618 943 1654 990 n.
1682 921 1717 993 3.
1744 921 1814 992 Dn.
1843 921 2007 998 Struven.

358 1023 397 1089 in
423 1033 609 1118 syntrrgm.
629 1024 714 1119 jur.
730 1019 844 1117 seed.
871 1041 952 1116 cap.
984 1043 1013 1087 ι.
1038 1015 1124 1114 apta.
1158 1041 1184 1089 ι.
1215 1034 1251 1089 ει
1276 1019 1370 1089 Patr.
1391 1019 1583 1090 Tliolosan.
1602 1035 1790 1116 syntagm.
1805 1022 1888 1110 jor.
1909 1027 2008 1094 unio.

347 1117 419 1188 tit.
452 1143 481 1188 ι.
501 1142 579 1217 cop.
608 1119 661 1208 ι4.Ι
687 1142 721 1188 n.
757 1119 840 1215 ιι.)
866 1143 885 1188 a
912 1117 1167 1187 communione
1194 1122 1377 1216 primaevo
1399 1143 1531 1206 rerum,
1551 1121 1669 1218 primu
1690 1119 1896 1208 mobilium,
1911 1121 2024 1192 deiu-¹

348 1217 401 1288 'de
417 1231 456 1314 et
473 1211 721 1310 immobilium
747 1217 963 1314 discessum,
981 1215 1059 1286 lieri
1078 1218 1138 1286 rix
1154 1209 1285 1314 potuit,
1308 1217 1395 1316 quin
1424 1220 1504 1289 lites
1518 1221 1781 1290 controuersiae
1809 1218 2024 1318 permultas

358 1319 396 1388 iu
415 1317 515 1388 urrini
533 1316 701 1392 convictu
718 1315 818 1392 ,civili
836 1315 1083 1403 oborirentur,
1098 1317 1230 1412 quibus
1247 1317 1477 1408 dirimendis,
1495 1322 1565 1390 riisi
1583 1331 1835 1404 occurreretur
1853 1343 2012 1392 commo·

356 1415 415 1488 dis
432 1416 618 1504 remediis,
636 1413 734 1486 nulla
754 1429 870 1512 posset
888 1417 1038 1487 existere
1056 1418 1205 1504 civitas,
1234 1417 1407 1517 nullaque
1425 1417 1625 1518 respublica
1641 1470 1652 1507 ,
1678 1443 1771 1515 quae
1790 1442 1862 1490 non
1884 1445 2010 1518 perpe·

356 1518 430 1586 tuis
449 1513 613 1612 llagraret
626 1511 852 1603 factionibus,
879 1516 916 1584 in
935 1540 1006 1613 qua
1024 1538 1094 1584 non
1113 1528 1356 1610 grassarentur
1376 1518 1591 1606 homicidia,
1609 1521 1795 1616 multaque
1809 1520 2009 1592 ederentur

236 1661 239 1676 ι
358 1613 554 1686 violentiae
571 1627 607 1684 et
626 1615 865 1685 truculentiae
890 1611 1074 1712 exemplu,
1093 1615 1156 1684 dn.
1176 1613 1344 1712 Conring.
1363 1621 1404 1686 in
1421 1617 1759 1716 dessert.dejudic.
1779 1624 1871 1712 reip.
1891 1641 2008 1714 germ.

355 1713 413 1784 tls.
441 1733 476 1783 t.
504 1715 559 1785 Ad
580 1715 664 1784 haec
682 1716 791 1810 igitur
807 1715 976 1786 evitanda
992 1725 1116 1784 extant
1135 1715 1222 1784 fines
1240 1719 1339 1816 juris,
1359 1717 1478 1812 legum
1499 1731 1534 1788 et
1552 1719 2030 1816 aequitatisterruiui,qul·'

359 1813 426 1885 bus
444 1837 481 1884 se
497 1817 702 1904 continere3
720 1827 847 1884 extant
865 1815 1049 1898 actionum
1065 1827 1100 1883 et
1113 1811 1363 1908 defensionum
1383 1811 1560 1890 lorrnulae
1579 1871 1590 1908 ,
1616 1816 1747 1916 quibus
1775 1819 1827 1888 uti
1849 1833 1884 1888 et
1904 1819 2029 1916 expe?

359 1915 443 2004 riri,
462 1925 588 1999 entant
613 1911 807 1987 constituta
828 1911 1044 2012 judiciorum
1062 1927 1100 1982 et
1118 1913 1355 1989 tribunalium
1380 1915 1547 1988 subsellia
1563 1970 1573 2006 ,
1591 1918 1653 1990 ubi
1681 1915 1819 2016 placide
1844 1941 1949 2014 agere
1974 1931 2011 1990 et

355 2015 549 2084 convenire
568 2013 732 2084 homines
747 2026 785 2084 et
802 2017 959 2110 possint,
977 2029 1013 2086 et
1031 2011 1209 2086 debeant:
1229 2015 1307 2086 ideo
1325 2017 1424 2086 enim
1445 2017 1667 2116 judiciorum
1700 2019 1822 2112 vigor,
1850 2015 2013 2114 jurisque

361 2111 500 2210 publici
520 2111 631 2184 tutela
650 2119 688 2184 in
710 2109 828 2184 medio
845 2116 1055 2201 coristituta,
1082 2134 1337 2212 nequisquam
1364 2115 1431 2187 sibi
1462 2119 1526 2213 ipsi
1547 2121 1755 2215 permittere
1772 2115 1887 2188 valeat
1908 2116 2015 2189 ultio·

360 2211 510 2302 uem,l.
545 2214 598 2304 ι4.
626 2213 729 2285 esdr
746 2213 833 2302 jud.
859 2229 896 2284 et
921 2217 1045 2284 coelio.
1073 2216 1098 2284 t.
1131 2217 1210 2314 176.
1238 2214 1284 2286 de
1308 2237 1339 2284 r.
1361 2219 1391 2307 j.
1429 2215 1523 2287 Nam
1551 2219 1578 2286 si
1614 2218 1659 2288 ad
1698 2219 1883 2314 proprium
1907 2216 2016 2290 arbi·

360 2315 492 2403 trium,
510 2325 549 2383 ut
565 2313 744 2414 praeclare
764 2313 1007 2388 Theudoricus
1026 2335 1086 2386 rex
1103 2314 1198 2412 apud
1211 2312 1462 2388 Cassiodorum
1491 2313 1554 2388 lib.
1571 2317 1603 2407 4.
1626 2341 1701 2387 our.
1720 2319 1825 2412 epist.
1850 2339 1900 2388 ιο.
1919 2316 2034 2416 judi·'
2145 2349 2149 2378 i

361 2411 496 2504 candus
513 2414 736 2488 inconsultus
748 2415 954 2493 animorum
973 2414 1292 2511 servor„quursurn
1310 2415 1427 2510 legum
1449 2430 1587 2514 reperta
1606 2429 1661 2488 est
1679 2441 1774 2486 sacra
1796 2413 2016 2490 reverentia?
2143 2449 2149 2488 ;

354 2513 452 2608 quid
469 2539 488 2591 a
507 2512 635 2588 bellica
651 2538 720 2613 pax
741 2513 935 2611 tranquilla
955 2513 1103 2590 distabit
1122 2511 1350 2585 confusione?
1369 2515 1462 2587 Haeo
1479 2520 1546 2585 etsi
1577 2519 1763 2588 verissime
1790 2528 1873 2586 suut
1886 2528 1924 2585 et
1939 2517 2015 2586 cla·

358 2617 524 2704 sissima,
544 2639 613 2686 nou
635 2614 755 2713 paucis
775 2628 899 2685 tuuien
920 2615 978 2684 liic
997 2617 1174 2688 caecutire
1191 2617 1357 2711 contigit,
1374 2629 1411 2684 ut
1432 2615 1512 2714 plus
1531 2617 1624 2716 justo
1638 2639 1760 2714 sapere
1780 2614 1939 2686 volentes
1953 2615 2017 2687 ad·
2143 2659 2149 2690 t

362 2722 499 2784 struere
516 2717 590 2787 ausi
608 2717 707 2803 siut,
726 2712 772 2786 ab
792 2715 938 2784 homine
955 2715 1149 2787 christiano
1174 2728 1209 2782 et
1228 2715 1359 2814 judicia
1387 2731 1424 2786 et
1452 2720 1725 2811 niugistratuum
1747 2715 1895 2812 proinde
1916 2729 2032 2812 pote··
2144 2751 2146 2756 ·

363 2825 494 2886 statem
514 2815 671 2912 ablegari
691 2815 844 2904 debere,
862 2815 916 2884 sui
935 2816 1064 2887 erroris
1082 2817 1307 2884 munimenta
1330 2813 1534 2884 baurieutes
1567 2838 1621 2887 ex
1653 2817 1786 2911 quinto
1820 2811 2018 2884 Matthaei
2028 2817 2036 2829 '
2142 2847 2149 2894 t

355 2919 496 3013 capite,
523 2940 553 2986 o.
573 2939 609 3010 9.
628 2915 691 3004 38.ι
705 2928 743 2988 et
760 2937 864 3012 seqqr
882 2936 927 2984 uc
944 2917 1088 3013 epistol.
1106 2913 1156 2984 acl
1176 2911 1280 2985 Rom.
1299 2913 1360 2986 XI
1365 2911 1395 2984 I.
1412 2939 1444 2986 o.
1476 2939 1528 3014 ¹7·
1558 2929 1598 2985 et
1621 2937 1721 3011 seqq.
1748 2913 1883 2983 Verum
1912 2917 2018 2986 enim
2143 2953 2149 2992 r

357 3037 447 3085 reru
464 3015 697 3184 curnp'pdicia
717 3014 782 3084 Dei
799 3019 873 3086 siut
891 3015 1073 3087 ordinatio
1084 3065 1095 3101 ,
1108 3011 1235 3084 Exnd.
1256 3010 1414 3087 XVIII.
1435 3038 1465 3085 o.
1493 3037 1545 3108 ¹9·
1563 3037 1644 3086 carr.
1664 3015 1721 3104 45.
1739 3035 1800 3110 qa.
1812 3013 1845 3104 4.
1856 3010 2015 3084 XXIII.

353 3133 441 3212 ιοαρ.
475 3114 529 3186 13.
594 3165 601 3182 .
627 3115 673 3185 de
683 3113 806 3213 judie.
827 3115 951 3210 etipse
969 3113 1219 3213 quoqueDeus
1236 3113 1283 3185 ab
1302 3113 1388 3184 orbe
1405 3112 1552 3216 condito
1571 3113 1700 3212 judicia
1721 3113 1933 3198 exercuerit,
1950 3111 2018 3182 do·

352 3227 465 3284 cente
483 3215 519 3284 id
548 3213 784 3285 Rittersbusio
802 3218 964 3310 exposit.
992 3216 1130 3300 rinvelt.
1146 3225 1249 3308 part.
1276 3237 1311 3306 9.
1334 3213 1489 3311 prooem.
1516 3215 1574 3282 cni
1602 3211 1693 3282 adtle
1713 3211 1865 3282 Maraut.
1891 3211 1937 3280 de
1956 3235 2018 3279 or·
2144 3253 2146 3262 ι

362 3311 443 3383 din.
465 3311 587 3412 judie.
611 3327 713 3410 part.
742 3313 774 3385 3.
803 3335 837 3381 n.
872 3313 951 3385 133.
984 3315 1062 3404 ι34.
1090 3309 1153 3380 ubi
1173 3309 1316 3402 judicii
1341 3315 1523 3406 originem
1548 3334 1601 3384 ex
1626 3311 1751 3381 diuino
1777 3325 1813 3380 et
1840 3314 2019 3380 naturali

363 3411 521 3485 adducit
538 3419 641 3508 jure.
659 3411 804 3482 ·Textus
821 3413 860 3482 in
880 3414 1104 3484 contrarium
1124 3411 1292 3502 adducti,
1318 3412 1453 3509 quibus
1480 3391 1696 3508 resp'ondent
1715 3407 1942 3480 Tliolosanus
1973 3412 2018 3480 irs
2145 3455 2149 3495 2

359 3524 515 3608 syntag.
535 3521 615 3608 jur.
642 3515 742 3582 unio.
770 3508 834 3582 tib.
859 3512 917 3611 47.
937 3534 1017 3610 cap.
1051 3534 1079 3584 1.
1101 3533 1171 3606 per
1197 3523 1267 3581 tot.
1294 3523 1329 3580 et
1355 3509 1504 3616 Grotim
1522 3509 1568 3582 de
1575 3518 1609 3606 j.
1636 3507 1668 3582 b.
1687 3521 1775 3607 etp.
1791 3505 1853 3579 tib.
1878 3530 1905 3576 ι.
1927 3529 2016 3606 sap.

359 3633 399 3682 n.
420 3634 454 3680 rr.
474 3613 510 3682 8.
537 3611 669 3708 quibus
694 3610 779 3682 addi
815 3622 931 3708 potest
964 3611 1137 3709 Garpzor.
1158 3613 1316 3706 jurispr.
1334 3606 1415 3708 sor.
1438 3623 1540 3706 part.
1573 3632 1602 3682 ι.
1629 3619 1742 3680 const.
1777 3629 1804 3675 ι.
1839 3603 1916 3704 defi
1966 3629 2021 3678 ιο.

361 3711 458 3782 tanti
477 3734 547 3781 uon
567 3710 766 3782 suutuobis
783 3709 969 3807 ponderis,
990 3723 1167 3781 utrarum
1187 3713 1322 3780 semina
1343 3709 1400 3779 liic
1419 3733 1655 3781 averruncare
1674 3729 1855 3779 necessum
1874 3709 1935 3793 sit,
1955 3728 2021 3776 ex·
2143 3753 2149 3802 t

362 3808 562 3882 clamantes
578 3812 695 3908 potius
711 3809 795 3880 cum
814 3809 1067 3898 Demosthene,
1084 3831 1194 3906 quem
1212 3809 1346 3905 allegat
1363 3807 1553 3881 Tholosau„
1572 3811 1662 3879 dict.
1680 3809 1749 3877 loc.
1769 3808 1809 3875 in
1811 3805 1886 3896 fio.
1902 3803 1947 3876 Iu
1967 3809 2025 3905 ju·

363 3909 458 3981 dicio
476 3907 580 3980 nobis
597 3907 691 3980 salus
709 3911 775 3978 sita
794 3921 873 3995 est,
890 3923 925 3978 et
942 3906 1107 4004 suffragio
1134 3932 1249 4006 remp.
1264 3931 1516 3979 conservemus
1541 3911 1700 4015 oportetl
1722 3904 1800 3975 Imo
1818 3928 1901 3974 cum
1934 3929 2023 4002 pro·

362 4008 503 4081 ceribus
522 4009 666 4106 imperii
681 4006 969 4078 tribuentesillis
995 4031 1121 4105 pacem
1147 4019 1183 4076 et
1208 4005 1551 4094 concordiam,rec.
1573 4015 1659 4100 imp.
1686 4003 1722 4075 d.
1749 4027 1809 4074 un.
1843 4003 1941 4075 1530..
1977 4002 2017 4092 §-
2144 4034 2149 4100 3

366 4106 536 4198 Weiter,
563 4107 744 4180 euclidem
770 4104 1055 4204 Clrurfiirsten,
1085 4104 1226 4177 verbis.-
1251 4105 1383 4176 Damit
1406 4107 1572 4177 densim
1592 4104 1757 4200 heiligen
1786 4098 2019 4174 Rdmr'sslreu

365 4205 506 4279 Reielre
523 4205 673 4304 gericht
690 4204 771 4276 rand
788 4205 921 4294 Reclrt,
946 4207 1064 4277 daron
1090 4203 1272 4300 Einglreit
1288 4205 1371 4276 und
1387 4203 1524 4290 Friede
1540 4203 1738 4276 entsetlret.

417 4305 543 4378 Plures
568 4318 691 4378 nutem
719 4304 848 4374 lrorum
876 4305 1090 4401 judiciorum
1119 4308 1251 4403 species
1277 4329 1351 4376 esse
1376 4304 1432 4375 vel
1460 4303 1608 4403 pluralis
1643 4301 1828 4373 titulorum
1861 4298 1939 4371 cod.
1976 4315 2019 4373 er

363 4406 479 4500 paud.
507 4406 552 4477 de
570 4406 731 4501 judiciis
756 4405 1018 4501 inscriptiouos
1035 4405 1223 4476 admonet:
1252 4417 1304 4474 tot
1331 4405 1428 4480 euim
1456 4429 1515 4492 eu,
1540 4403 1684 4474 dicente
1709 4399 1846 4496 Sigism.
1873 4399 2020 4473 Scaccia

366 4504 413 4574 de
420 4502 547 4592 judie.
565 4502 626 4575 ttb.
649 4527 681 4572 ι.
697 4526 777 4595 cop.
793 4501 827 4574 3.
845 4525 881 4572 n.
907 4527 936 4572 ι.
956 4505 1136 4602 recipiunt
1152 4503 1363 4589 divisiones,
1389 4518 1475 4600 quot
1502 4513 1646 4601 possunt
1665 4509 1701 4571 in
1729 4502 1770 4570 iis
1795 4496 2020 4572 considerari
2145 4523 2147 4533 ²

367 4603 467 4676 modi
494 4603 735 4701 procedendi,
763 4598 915 4689 formae,
940 4603 1132 4699 qualitates
1148 4616 1185 4672 et
1210 4605 1508 4674 circumstantiae.
1530 4602 1602 4674 Nos
1619 4603 1769 4699 quidem
1804 4597 1937 4694 species
1963 4623 2025 4670 re·
2146 4665 2149 4694 ί

366 4725 512 4774 censere
527 4725 652 4774 ornnes
675 4725 747 4772 nou
767 4699 999 4790 tentabimus,
1027 4703 1255 4798 nequeenim
1284 4704 1439 4773 instituti
1460 4701 1551 4773 ratio
1567 4701 1631 4771 lioc
1650 4698 1817 4798 postulat,
1834 4697 1894 4768 sed
1908 4697 2022 4796 liujus
2146 4697 2149 4778 Ῐ

366 4821 548 4873 memores
565 4825 624 4872 eas
657 4801 813 4887 saltem,
837 4813 873 4868 et
899 4824 967 4896 qua
1002 4803 1199 4898 poterimus
1224 4799 1426 4889 brevitate,
1451 4799 1735 4886 recensebimus,
1761 4821 1823 4895 per
1855 4820 2024 4892 quarum
2147 4791 2149 4878 f

371 4901 683 4976 enumerationem
710 4897 890 4993 gradatim
906 4901 1010 4996 quasi
1032 4900 1079 4972 ad
1106 4898 1162 4989 id,
1179 4900 1275 4997 quod
1296 4899 1522 4972 tractandum
1540 4899 1775 4995 suscepimus,
1797 4895 2019 4996 judiciorum
2046 4917 2049 4924 ⁴
2148 4891 2149 4910 ¹

366 5025 477 5098 genus
503 5000 775 5099 perveniamus,
800 4995 846 5068 de
871 4999 1020 5096 reliquis
1053 4997 1089 5070 b.
1124 4997 1149 5068 l.
1187 5001 1411 5071 remittentes
1446 4999 1491 5071 ad
1521 4997 1690 5069 Rittersb.
1716 4996 1807 5067 dior.
1834 4998 1901 5068 tor.
1930 5019 2020 5094 sap.

369 5099 402 5173 3.
421 5124 458 5168 n.
477 5101 509 5190 4.
528 5098 579 5170 ad
611 5123 664 5200 ¹7·
689 5109 726 5168 et
753 5093 905 5170 Maraut.
932 5090 1072 5170 de'ord.
1089 5099 1171 5192 jud.
1193 5113 1297 5194 part.
1325 5101 1360 5191 4.
1389 5095 1452 5170 ubi
1468 5099 1596 5194 viginti
1614 5095 1724 5168 refert
1741 5095 2020 5184 distinctiones,

368 5197 500 5294 quibus
526 5211 708 5296 praeterea
734 5196 823 5270 duas
848 5196 979 5298 adjecit
1005 5197 1183 5269 Follerius
1209 5200 1250 5268 in
1278 5196 1397 5270 addit.
1424 5197 1545 5270 Prima
1566 5210 1601 5266 et
1617 5219 1758 5270 suntme
1782 5191 1884 5265 nobis
1902 5193 2021 5293 silju·

367 5297 457 5371 dicii
485 5297 612 5370 divisio
632 5299 669 5368 in
687 5295 967 5368 ecclesiasticum
984 5312 1021 5368 et
1039 5298 1195 5368 seculare
1210 5295 1300 5394 (sub
1324 5321 1393 5394 qua
1407 5295 1745 5393 comprehendimus
1761 5291 1948 5390 spirituale
1975 5305 2018 5364 et

371 5397 479 5468 civile
496 5398 664 5496 quamvis
682 5420 760 5470 earu
779 5419 912 5466 novam
939 5397 1046 5468 iaciat
1072 5397 1232 5468 Marautu
1260 5397 1352 5468 dict.
1379 5403 1447 5470 los.
1473 5397 1563 5467 dist.
1584 5418 1634 5463 ιι.
1653 5410 1691 5466 et
1712 5395 1790 5492 13.)
1817 5393 2020 5490 Desumpta

363 5495 456 5574 ‚llaec
473 5510 526 5567 est
545 5520 616 5568 uon
635 5496 750 5568 sulum
773 5521 790 5566 a
810 5519 912 5568 causa
926 5495 1124 5585 efficiente,
1150 5495 1271 5596 judice
1297 5497 1549 5584 ecclesiastico,
1575 5517 1606 5568 c.
1634 5495 1668 5584 4.
1695 5495 1742 5568 de
1758 5493 1881 5586 judic.
1899 5493 1958 5564 sed
1977 5503 2021 5565 et

370 5587 570 5682 materiali,
587 5595 826 5668 controversia
854 5598 1029 5670 nimirum
1056 5598 1094 5668 ιιι
1122 5595 1296 5694 judicium
1315 5595 1494 5685 deducta,
1513 5591 1619 5682 videl.
1634 5597 1713 5695 jure
1731 5607 1963 5696 patronatus,
1982 5612 2021 5662 c.

372 5693 407 5770 3.
424 5693 469 5771 X.
488 5687 666 5786 dejectio.
693 5695 918 5774 decimarum
944 5720 974 5773 o.
1002 5697 1061 5774 ali.
1080 5695 1125 5770 cle
1137 5695 1217 5784 jur.
1242 5693 1374 5776 desim.
1401 5697 1481 5772 virle
1507 5707 1631 5768 tamen
1656 5693 1826 5798 Carpzur.
1849 5693 2021 5791 jurispr.
