4364 6194
216 276 273 334 dli
717 273 766 330 DE
783 271 1027 334 courtotttttcs
1047 277 1206 334 PRliiCll’l
1223 293 1286 336 cru.
1729 281 1786 336 stt

166 378 267 448 regulos
285 373 440 445 prudentiee
456 373 588 428 busseuee
606 373 731 446 princeps
752 375 917 445 premonet
937 392 982 428 nc·
1035 374 1095 430 dem
1114 379 1282 432 ceremoniae
1301 385 1380 442 eunt,
1396 394 1460 448 ques
1488 379 1635 434 tolererttnt
1658 377 1857 450 reformemur,

167 461 480 532 plectopreeseotissimo
498 459 630 528 periculo,
650 460 678 512 in
704 459 773 528 quod
791 477 862 529 resp.
881 461 982 529 proeci-
1036 477 1087 512 nou
1106 479 1245 531 expresse,
1263 479 1393 530 recoquens
1419 460 1451 514 ed
1478 459 1688 517 sedibcetionem
1714 461 1858 531 lenientes,

164 546 275 616 pitende
300 542 385 606 soret,
406 545 550 613 impetuose
575 545 753 598 nibilominus
779 546 848 597 inite
873 545 983 598 consilis
1037 545 1223 614 epproberttnt.
1244 546 1377 613 Deinceps
1393 553 1484 596 notum
1497 544 1858 608 oet,coneuetudinemsem·

164 630 268 686 ellectoi
287 627 349 681 ciere
367 628 561 698 pergeretrsed
582 639 607 682 ct
626 628 752 681 colonteti
773 627 878 681 disirtee
897 629 986 682 edrer·
1039 644 1084 694 per
1103 647 1116 678 e
1135 629 1285 696 legislatore
1303 644 1378 696 posse
1397 627 1502 680 meteri.
1528 628 1596 682 lude
1618 629 1713 681 isinum
1739 639 1780 681 cst
1798 647 1859 700 sup·

162 731 222 768 eum
241 730 270 765 se
287 730 378 781 gerere
396 714 463 766 mihi
484 713 603 766 ridetur:
621 729 698 778 oum,
718 723 795 782 prout
811 731 859 782 ego
876 715 959 782 quide
970 737 983 764 u
1038 711 1175 777 positum,
1192 711 1261 780 qood
1279 727 1323 774 ru,
1336 727 1402 779 quse
1417 710 1538 763 omnium
1557 728 1604 766 uso
1622 712 1771 766 intrednete
1782 723 1858 780 suot,

163 797 307 861 existimo,
324 809 423 850 tentum
444 799 531 861 ebrit,
547 807 577 850 ut
595 798 666 850 Deus
677 835 686 860 ,
704 797 800 866 positis
818 799 853 850 iis
872 799 985 852 circnm-
1041 809 1092 846 oon
1112 795 1165 846 nisi
1183 797 1303 850 omnium
1322 813 1451 847 consensu
1465 795 1558 848 muteri
1581 797 1691 865 poesim.
1708 794 1777 852 trem
1794 813 1858 850 ecn-

166 881 455 952 stsntiie,principem
474 880 507 934 ed
526 881 554 932 id
572 881 748 933 nibilominus
766 881 987 950 edstringere‚ot
1039 877 1145 932 suetudo
1170 896 1218 931 usu
1239 879 1375 932 commoni
1401 877 1556 943 introduci,
1576 878 1620 930 sed
1645 880 1699 931 solo
1723 879 1859 950 principie

169 966 254 1038 potius
273 968 434 1018 contreritttn
454 966 610 1019 soloutetem
629 982 660 1018 eo
678 966 736 1034 ipso
760 967 826 1017 setis
845 966 987 1022 menifesto
1040 979 1169 1015 contentu
1186 967 1253 1030 ittssl·
1272 965 1306 1015 tit
1322 980 1397 1016 cist·
1417 965 1473 1015 lolii
1494 971 1591 1034 poieti-
1611 963 1753 1016 Mincio
1770 964 1860 1032 iisque

168 1052 316 1112 sieclersre,
333 1050 481 1103 censendus
500 1050 550 1113 sit,
568 1049 636 1117 qood
658 1047 805 1116 prinoipem
822 1050 923 1102 eurttto
942 1069 989 1106 eoo
1039 1047 1153 1096 eoctoris
1172 1045 1570 1114 fundamento,ctiemqueeei
1585 1056 1860 1115 superstruemus,

166 1135 322 1188 destitutum
343 1133 370 1184 iu
393 1132 525 1200 ejusmodi
551 1133 681 1199 angustiis
704 1133 856 1198 colloceris,
879 1145 908 1186 ιιι
935 1135 987 1206 ipsi
1040 1144 1182 1195 corruunt,
1201 1131 1263 1184 ditm
1283 1134 1345 1195 §.b
1364 1133 1471 1202 pereto:
1490 1131 1695 1200 etsislsremlo
1714 1131 1862 1186 exorcismi

167 1225 212 1266 sut
231 1213 393 1284 propositum
413 1215 566 1282 ceteroquin
586 1215 717 1267 leudebile
738 1214 913 1270 deserendum
935 1219 987 1284 sit,
1040 1216 1187 1267 ”cundum
1199 1233 1227 1267 se
1245 1225 1282 1267 est
1300 1231 1341 1266 m
1359 1215 1537 1283 indifferent:
1552 1228 1642 1270 twett
1659 1227 1802 1287 postquem
1820 1230 1862 1272 ue·

166 1310 211 1352 eut
229 1315 288 1352 oum
308 1297 425 1367 pernicie
444 1301 510 1366 reip.
528 1299 721 1368 exequendum.
1040 1299 1117 1350 cessis
1130 1299 1258 1352 eeclesiae
1270 1297 1474 1363 deterrur’notio,
1489 1299 1568 1352 desiit
1580 1301 1610 1352 in
1622 1300 1792 1352 rnlieeciesr'o
1806 1313 1863 1353 cese

205 1389 227 1444 s.
246 1383 289 1434 20.
307 1381 445 1448 Eiusmodi
466 1398 526 1433 sero
543 1383 755 1434 circumstentios
767 1379 879 1453 periculi
899 1381 989 1451 plenos
1042 1399 1084 1435 res
1100 1381 1272 1449 irsdt'fferenr·
1291 1382 1343 1435 Ubi
1364 1400 1425 1436 sero
1443 1381 1517 1436 edest
1537 1383 1584 1434 ilie
1611 1378 1818 1436 determinatio?
1835 1393 1863 1438 et

169 1482 223 1520 nun
243 1468 326 1518 soluto
346 1481 468 1520 exserere
486 1482 514 1518 se
532 1483 624 1534 posse,
643 1467 688 1518 sed
708 1477 734 1518 et
750 1478 810 1520 ectu
830 1470 888 1536 ipso
908 1485 934 1519 sc
947 1485 989 1521 er·
1040 1485 1073 1520 eo
1092 1469 1197 1520 ecclesie
1218 1467 1318 1536 eliqnid
1337 1467 1517 1520 determittere
1535 1469 1600 1520 cites
1622 1469 1721 1534 iussum
1740 1467 1861 1520 cllrinurtt

169 1549 296 1613 seruisse,
314 1551 407 1618 petitis
426 1563 458 1600 er
478 1549 539 1600 hist.
557 1550 650 1602 cocles.
661 1552 790 1620 exemplis
802 1551 907 1604 enimus
921 1569 989 1606 nunc
1043 1561 1142 1618 potest,
1161 1551 1230 1620 qood
1257 1552 1342 1604 instes
1367 1551 1433 1618 legis
1459 1550 1573 1617 stringet
1605 1549 1756 1618 principem
1781 1549 1865 1604 nullis

170 1641 227 1696 ιιι,
244 1631 391 1686 ostendere.
409 1633 464 1685 ttcs
490 1631 623 1700 prolecto,
643 1634 667 1684 si
692 1651 748 1685 esso
769 1635 796 1686 iu
824 1645 991 1704 respectes,
1043 1635 1095 1687 uisi
1115 1638 1216 1690 divinis
1235 1637 1335 1706 legibus
1354 1633 1592 1705 subjectomilioe
1609 1645 1731 1703 optarent
1749 1635 1864 1689 iorteex

168 1715 477 1782 letrdebilisernt,quo·i
499 1713 683 1780 leolseoros,
704 1721 852 1788 exemplum
879 1720 990 1771 lliskiee
1042 1720 1141 1771 nostris
1171 1721 1251 1772 etism
1281 1721 1410 1773 ecclesiae
1441 1719 1577 1770 ministris
1607 1720 1701 1782 ntolti,
1727 1728 1755 1771 ut
1782 1735 1864 1788 penes

168 1799 336 1862 imitetur-us,
355 1799 522 1860 scendelum,
541 1814 575 1850 ex
593 1797 759 1852 itiololstriro
779 1801 922 1868 imaginum
936 1804 987 1854 cul·
1041 1817 1085 1851 ecs
1102 1803 1170 1855 solos
1188 1804 1224 1855 eit
1242 1815 1358 1873 potestus
1377 1816 1402 1857 et
1421 1804 1463 1872 ius
1482 1801 1614 1858 stetueodi
1634 1803 1662 1854 in
1681 1803 1767 1856 censis
1784 1803 1865 1856 ecole-

170 1893 212 1946 to,
238 1891 299 1934 tuuc
321 1881 448 1952 temporis
471 1893 578 1948 coepto,
604 1893 706 1943 ortum,
729 1900 778 1952 per
803 1886 948 1952 imeginom
973 1903 988 1937 e
1042 1887 1166 1938 siastiois.

1075 1967 1101 2039 5.
1118 1969 1160 2021 2³.
1180 1969 1229 2021 ilis
1247 1968 1283 2020 ite
1302 1931 1461 2038 preemissii
1479 1978 1506 2020 ut
1528 1969 1555 2021 in
1582 1968 1649 2021 siem
1678 1969 1802 2032 redeem,
1821 1967 1865 2022 iu·

175 1965 281 2034 templis
300 1965 451 2032 ejectionem
470 1964 575 2016 ebolerc
593 1976 697 2018 eouetus
717 1965 812 2018 luerit:
827 1969 873 2018 sed
893 1967 990 2038 impru-

175 2047 240 2100 dens
257 2065 338 2119 seque
355 2067 386 2100 ec
414 2046 587 2116 vituperabile
613 2057 685 2110 eret,
706 2049 776 2114 quod
803 2049 861 2120 ipse
886 2065 915 2101 eo
934 2067 987 2102 soc·
1040 2067 1124 2118 genoe
1145 2061 1230 2104 temen
1249 2049 1387 2112 confiteor.
1407 2068 1527 2120 peccesse
1546 2051 1728 2106 Christianum
1749 2051 1772 2105 1.
1795 2053 1863 2104 insi·

173 2147 303 2196 cessores‚
322 2149 375 2184 non
394 2133 517 2194 ettentis,
535 2131 580 2201 qui
607 2132 796 2205 rempublicem
817 2135 913 2184 misere
931 2129 989 2184 sift-
1039 2134 1134 2200 guiter,
1152 2133 1221 2201 qood
1241 2123 1429 2199 iitempeutee
1447 2144 1474 2184 et
1491 2151 1550 2187 com
1571 2134 1675 2202 impetu
1689 2148 1792 2185 oensem
1806 2150 1866 2201 ege·

170 2215 525 2281 ciebunt,tumultiluts,eb
540 2213 658 2268 instituto
677 2214 758 2266 semel
772 2225 864 2283 coepto
884 2217 987 2269 desiste
1040 2213 1081 2265 rit.
1099 2215 1185 2282 ldejor
1202 2217 1273 2266 enim
1294 2232 1354 2284 pers
1380 2219 1543 2269 secerdotum
1571 2217 1743 2288 pertinaciter
1764 2224 1798 2268 'se
1821 2237 1867 2274 so·

169 2316 198 2353 re
220 2303 412 2356 detrectebent.
436 2301 495 2354 Nou
521 2300 605 2350 solum
631 2299 703 2353 enim
730 2295 870 2368 pontifices
894 2299 990 2352 emisso
1040 2299 1131 2350 luutsti
1153 2298 1284 2368 principis
1302 2301 1497 2368 apponentium
1517 2318 1570 2354 oon
1589 2298 1867 2352 solomirritumred·

168 2385 450 2440 excommunicetionis
464 2383 577 2435 fulmine
591 2379 751 2444 efficiebant,
766 2391 796 2434 ot
807 2383 918 2448 subditi,
931 2399 988 2451 pes·
1040 2379 1117 2433 debet
1135 2393 1272 2446 onustum,
1297 2383 1343 2434 sod
1362 2393 1388 2433 et
1407 2384 1565 2435 auctoriteto
1592 2399 1637 2435 soe
1664 2377 1812 2446 efficiebet,
1836 2392 1867 2437 ui

169 2471 267 2526 simum
288 2471 386 2523 sotumi
407 2469 525 2538 episcopi
546 2468 695 2536 exemplum
720 2465 817 2527 secreti,
835 2465 989 2534 obsequium
1041 2461 1115 2532 plebe
1133 2465 1246 2517 exciteto
1265 2465 1380 2533 undique
1400 2467 1512 2519 tumultu
1533 2467 1561 2518 in
1581 2478 1711 2536 suspectos
1738 2465 1771 2520 de
1789 2482 1867 2535 pree-

170 2555 296 2626 legitimis
315 2551 510 2624 impereutibus
532 2549 709 2616 denegsreotq
729 2547 774 2600 sed
799 2559 841 2611 et,
861 2549 905 2600 ιιΙιΙ
929 2563 987 2599 cum
1040 2548 1105 2600 stilo
1123 2548 1241 2618 principi
1261 2549 1388 2618 obsequio
1407 2549 1553 2602 secerdotes
1572 2549 1748 2602 inveberetur.
1771 2547 1867 2616 Quini·

171 2642 275 2709 impetu
299 2653 342 2690 res
366 2635 407 2705 egi
432 2635 461 2684 in
485 2634 580 2703 republ
614 2630 829 2701 coeperet,edeo
855 2631 992 2700 utriusque
1042 2647 1085 2682 mo
1105 2633 1133 2683 in
1152 2632 1258 2685 cisitste
1277 2631 1413 2684 dresdensi
1429 2632 1499 2684 lenio
1517 2642 1617 2685 ermete
1637 2650 1716 2685 menn
1735 2630 1867 2686 iolentem

174 2721 260 2795 pertis
280 2719 390 2774 esseclee
409 2721 480 2770 iuter
499 2734 527 2770 se
544 2717 791 2781 collidebeutor,ut
811 2733 863 2767 uon
880 2715 939 2769 sine
956 2713 992 2766 el·
1041 2711 1071 2762 ed
1098 2712 1264 2783 Bsptismum
1291 2715 1412 2778 obtulit,
1430 2715 1521 2766 sdtlito
1541 2717 1688 2783 jorsmeutc
1707 2714 1866 2781 ermenteus,

170 2805 275 2860 lusione
293 2801 429 2872 senpuiois
447 2801 479 2853 eb
498 2799 611 2854 inricem
631 2801 792 2853 recederent.
810 2799 945 2854 Videetor.
959 2798 1002 2850 tt·-

169 2894 247 2945 lostr.
258 2886 415 2958 Spenbemii
429 2885 524 2936 irritor.
536 2885 618 2952 imag.
633 2881 720 2936 restit.

205 2978 228 3036 ς.
247 2969 290 3020 21.
310 2969 407 3021 Simile
423 2983 526 3036 quoquc
546 2967 607 3016 boio
624 2965 776 3033 exemplum
796 2963 927 3018 recentior
945 2981 987 3016 ex·

168 3057 241 3110 bibet
261 3053 388 3105 historie:
407 3067 439 3103 ex
463 3049 511 3100 hec
529 3051 602 3102 enim
629 3059 746 3112 constet,
767 3045 948 3100 Christianum
969 3049 990 3098 l.

170 3140 312 3192 electorem
338 3134 468 3189 Seroniee
487 3135 515 3184 in
535 3151 565 3184 eo
584 3133 653 3185 serio
668 3131 826 3193 'leboresse,
846 3143 874 3182 ιιι
892 3131 991 3182 exorci-

170 3237 274 3286 smnnt,
287 3232 418 3289 temqusttt
438 3217 531 3270 ntultis
550 3217 745 3278 scendelosum,
759 3217 894 3284 proposito
907 3217 993 3267 edicto

171 3307 278 3378 publico
292 3305 369 3375 plene
382 3301 527 3370 nbrogeret.
546 3301 602 3370 Qus
623 3300 650 3353 io
665 3316 739 3371 perte
752 3298 858 3368 quidem
879 3299 937 3365 iure
948 3315 994 3351 sun

172 3403 196 3444 et
213 3400 284 3442 reete
301 3387 357 3455 egit
374 3385 541 3438 Christieuos
560 3385 582 3434 l.

208 3479 233 3536 ς.
249 3471 293 3524 22.
313 3469 401 3538 Atque
419 3467 468 3519 hec
486 3467 622 3519 coercione
643 3483 694 3519 non
720 3480 825 3534 possum
846 3482 897 3517 non
916 3481 992 3533 quee-

174 3556 236 3608 elem
254 3555 288 3608 de
304 3553 457 3623 qoeestioue
476 3547 657 3620 prsejtulicieli
676 3548 804 3614 edjicere,
819 3565 851 3600 en
872 3549 996 3619 princepe

173 3642 217 3708 jus
235 3637 328 3691 behert
347 3633 522 3688 esorcismnut
542 3629 673 3686 tollendi?
691 3633 750 3683 Hoc
768 3647 828 3683 sero
847 3630 898 3700 ipsi
919 3635 944 3684 ιι
957 3634 992 3700 ju·

173 3723 214 3776 ris
231 3723 300 3776 circe
326 3737 401 3774 ssore
424 3727 588 3786 competere,
607 3733 655 3784 ego
678 3716 803 3785 quidem,
829 3726 856 3766 et
877 3716 996 3786 plerique

176 3805 311 3866 mulotes,
330 3821 377 3873 pro
399 3799 550 3854 certissimo
575 3800 683 3861 bebeut;
702 3817 761 3852 oum
787 3800 828 3867 jus
851 3799 994 3852 ordineudi

181 3887 250 3940 ritus
267 3902 388 3939 externos
412 3889 448 3936 eit
467 3899 528 3953 pers
551 3884 618 3949 juris
635 3884 704 3934 ciros
724 3899 805 3934 seces.
829 3882 941 3934 interim
962 3894 996 3934 ts·

184 3989 245 4026 men
264 3970 448 4022 Bechmenuus
468 3953 616 4036 theutica.
636 3983 688 4018 nou
707 3965 855 4028 dubitent,
873 3969 902 4018 in
921 3968 996 4021 rlteo·

180 4057 236 4126 tog.
254 4053 400 4109 consciens¹
418 4066 482 4106 euro
496 4052 539 4103 ts.
564 4050 723 4103 coutreriem
747 4050 879 4102 sustinere
895 4061 996 4102 senten·

1041 2791 1216 2849 defendendo
1234 2807 1296 2850 ente
1313 2796 1502 2866 bsptisterium
1524 2797 1667 2852 secerdotis
1684 2799 1785 2867 cupite.
1800 2799 1822 2852 si
1841 2800 1866 2852 is

1042 2878 1215 2930 exorcismum
1241 2880 1368 2933 omittere
1392 2882 1508 2936 roderet.
1533 2885 1599 2937 viu.
1626 2881 1689 2935 bnt.
1712 2883 1818 2939 westre
1835 2884 1867 2937 ire

1042 2961 1138 3038 cirron.
1150 2963 1294 3016 dresdensi
1302 2981 1326 3030 p.
1340 2965 1404 3018 313.

1078 3043 1101 3114 §·
1120 3044 1165 3098 dl.
1190 3047 1318 3117 Sequitur
1335 3067 1366 3101 er
1387 3050 1466 3102 dictis
1486 3069 1555 3104 nunc
1574 3069 1653 3121 porro
1677 3054 1763 3106 coutin
1782 3055 1866 3106 orexi-

1044 3143 1085 3180 me
1104 3131 1259 3192 decesseris,
1280 3149 1313 3184 uo
1333 3133 1382 3196 illi,
1401 3135 1497 3202 quibus
1514 3135 1625 3190 docendi
1646 3153 1740 3188 munus
1757 3154 1866 3191 concre-

1043 3211 1127 3263 ditum
1148 3221 1197 3275 est,
1217 3212 1332 3265 doctoris
1351 3224 1427 3283 etque
1445 3216 1605 3286 imperantis
1623 3215 1712 3268 cilicie
1724 3228 1769 3268 sut
1780 3228 1868 3271 estote

1043 3301 1088 3346 sot
1106 3296 1197 3347 seltem
1218 3297 1402 3364 imprudenter
1420 3299 1598 3362 consumunt,
1622 3311 1649 3351 et
1667 3301 1734 3367 cirre
1759 3299 1868 3368 abroge-

1045 3378 1145 3430 tionem
1166 3381 1348 3432 scontleloruen
1367 3381 1484 3448 legitimi
1510 3381 1664 3450 imperantis
1687 3380 1728 3449 jus
1746 3399 1870 3437 exercerc

1047 3464 1185 3532 incipient.
1204 3465 1328 3516 Doctoris
1348 3453 1393 3517 t'eti
1416 3467 1442 3518 io
1462 3483 1537 3518 crues
1558 3475 1657 3518 tentum
1676 3475 1724 3526 est,
1745 3484 1869 3531 monere,

1045 3547 1132 3599 serbis
1151 3565 1203 3598 non
1224 3548 1363 3616 injuriosis
1382 3549 1585 3620 reprehendere,
1605 3565 1676 3612 rem,
1689 3557 1717 3600 ut
1731 3549 1760 3600 ire
1778 3566 1805 3600 ee
1819 3559 1870 3614 est,

1045 3629 1076 3681 etl
1096 3628 1184 3700 sirum
1203 3631 1238 3680 ob
1255 3632 1345 3683 oortlos
1364 3651 1469 3702 ponere,
1485 3633 1648 3702 supplicibus
1662 3631 1816 3702 principum
1829 3635 1872 3688 oi·

1046 3709 1106 3764 licie
1126 3713 1248 3782 precibus
1268 3715 1421 3785 implorare,
1443 3730 1517 3788 etque
1537 3718 1573 3771 ite
1592 3717 1699 3769 demum
1714 3717 1871 3772 emendetio·

1047 3814 1107 3849 nem
1128 3817 1141 3849 e
1161 3799 1219 3851 Deo
1237 3803 1370 3869 petieuter
1389 3813 1552 3873 exspecterer
1571 3820 1623 3854 non
1643 3801 1873 3856 rerceuctoritete

1048 3881 1187 3934 dictatorie
1206 3883 1401 3938 admonitiones
1428 3903 1487 3938 suns
1512 3904 1561 3957 prro
1588 3883 1690 3954 legibus
1712 3885 1872 3954 obtrudere,

1047 3973 1132 4032 etque,
1152 3967 1173 4015 si
1193 3965 1291 4018 iisdem
1309 3967 1466 4036 obsequium
1485 3987 1538 4024 non
1559 3976 1724 4039 precstetor,
1742 3969 1831 4023 stetim
1847 3972 1872 4024 si

1048 4047 1077 4099 iu
1095 4049 1224 4102 eurilium
1244 4063 1332 4106 rocste
1346 4053 1377 4106 ed
1391 4057 1572 4109 executionem
1587 4071 1735 4128 proponere.
1747 4056 1875 4126 Optimus

186 4141 260 4190 tiem.
286 4137 327 4189 lbi
352 4135 425 4188 enim
450 4133 513 4185 licet
530 4135 553 4200 ς.
571 4131 597 4182 l.
616 4133 793 4185 exorcismum
819 4131 997 4184 ceremoniam
1046 4131 1172 4185 ecclesleo
1191 4133 1313 4187 minister
1331 4139 1443 4204 gloriem
1463 4156 1535 4191 suem
1563 4156 1615 4191 oon
1641 4140 1670 4191 in
1697 4157 1727 4191 co
1754 4140 1871 4207 quescit,

180 4232 269 4284 socer,
282 4223 392 4289 ejusque
409 4217 618 4287 abrogationem
636 4214 659 4286 5.
679 4216 706 4266 9.
723 4215 864 4278 concedet3
883 4221 997 4266 ettsmen
1050 4221 1078 4263 ot
1097 4213 1227 4284 imperet,
1245 4216 1290 4269 sed
1309 4232 1335 4272 ot
1353 4236 1412 4274 rere
1431 4221 1466 4273 sit
1486 4221 1611 4274 minister
1631 4225 1757 4277 eliorum.
1776 4223 1872 4274 Marsis.

177 4303 203 4376 ᾗ.
222 4306 248 4357 7.
266 4300 521 4373 periculosissimum
541 4314 658 4352 errorem
688 4296 731 4351 tue
753 4299 841 4350 serbis
858 4295 999 4367 proponit:
1050 4295 1093 4350 2³.
1114 4301 1158 4350 ll.
1176 4301 1202 4349 l.
1222 4300 1283 4354 Cor.
1304 4303 1329 4354 3.
1349 4303 1373 4356 5.
1394 4305 1419 4355 2.
1441 4305 1504 4358 Cor.
1523 4303 1549 4354 l.
1568 4305 1593 4356 b.
1619 4307 1696 4357 Hunc
1720 4304 1793 4356 enim
1819 4322 1875 4357 mo.

177 4389 251 4458 quod
266 4385 363 4440 attinet
374 4384 548 4438 omissionem
562 4384 603 4435 cel
612 4378 818 4450 abrogationem
832 4377 982 4434 exorcismi
990 4414 999 4442 ‚
1050 4398 1105 4433 rem
1125 4382 1248 4436 Christus
1267 4385 1363 4455 pariter
1382 4406 1413 4440 ec
1432 4389 1516 4457 ipsius
1531 4388 1649 4456 Apostoli
1669 4404 1727 4440 cum
1747 4387 1874 4440 omnibus

181 4472 352 4535 notandum,
371 4469 444 4541 qood
459 4467 539 4524 sicuti
554 4465 729 4520 introductus
746 4473 773 4518 ιι
788 4465 817 4517 iu
836 4465 936 4518 nostris
953 4483 997 4518 eo·
1050 4464 1119 4517 reris
1137 4465 1187 4518 Dei
1208 4467 1342 4521 ministris
1367 4480 1514 4534 secuerunt,
1533 4487 1562 4521 ec
1582 4468 1605 4522 ei
1624 4471 1665 4522 sel
1685 4469 1800 4523 menime
1823 4469 1873 4520 ini·

185 4553 275 4610 etesiis
292 4565 414 4622 receptus
431 4560 484 4614 esi,
498 4567 556 4604 non
568 4549 729 4604 auctoritate
746 4549 934 4618 meginratus,
953 4560 1001 4602 nus
1050 4565 1100 4618 que
1119 4547 1205 4600 bebiti
1224 4549 1341 4616 leserunt,
1361 4552 1532 4623 obsequiosos
1551 4569 1578 4605 se
1589 4565 1665 4624 etque
1678 4555 1809 4621 subjectos
1822 4555 1874 4608 tm·

182 4641 265 4695 unius
281 4649 390 4694 tontum
408 4637 536 4690 emireius
552 4645 658 4696 erotus,-
674 4635 713 4687 ito
732 4634 814 4685 ericus
834 4633 863 4687 iu
882 4652 913 4687 eo
933 4635 1003 4688 ntutt
1053 4631 1206 4700 perentibus
1226 4635 1423 4704 preestiteront,
1442 4637 1614 4707 eamdemque
1627 4637 1743 4691 indolem
1756 4635 1873 4707 discipu·

182 4735 289 4779 mutere
305 4723 380 4786 lices,
394 4718 669 4789 iliumqoeodrogore
681 4717 843 4771 coctorum·
857 4719 1000 4787 magistro·
1051 4717 1085 4768 lis
1105 4717 1207 4770 sincere
1226 4720 1401 4774 inculceruot.
1418 4721 1453 4774 Et
1470 4722 1591 4792 quemuis
1604 4720 1680 4774 iecile
1693 4723 1874 4779 concederem.

181 4818 241 4869 tus,
260 4815 308 4860 out
330 4802 411 4858 unius
435 4813 543 4856 tuntum
567 4809 675 4862 steros,-
690 4799 739 4852 ced
761 4799 834 4867 prend
856 4799 883 4851 r'u
901 4802 1002 4854 solidus
1051 4815 1130 4868 posse
1147 4802 1281 4854 interdum
1302 4805 1432 4872 ejusmodi
1452 4806 1585 4866 doctorem
1598 4821 1633 4858 eu
1651 4805 1694 4874 pis
1707 4805 1793 4874 quood
1812 4821 1873 4878 per·

182 4887 343 4942 ceremoniis
357 4885 407 4953 fis,
425 4885 454 4938 id
462 4885 534 4953 fieri
549 4885 629 4938 debet
644 4883 804 4936 coctort'tute
820 4883 902 4937 torius
918 4887 999 4938 eccle·
1052 4895 1104 4936 tem
1124 4885 1270 4940 intentione
1288 4890 1319 4939 ed
1340 4889 1400 4941 tolie
1419 4905 1478 4942 eues
1497 4879 1619 4960 pr'clsbi3
1646 4905 1771 4959 posseque
1792 4887 1872 4940 etiem

184 4974 250 5027 eine.
269 4973 327 5025 ttoo
344 4973 368 5022 si
389 4965 545 5039 pontificios
567 4968 675 5039 quidem
698 4969 866 5038 scripsisset,
884 4972 1000 5024 excuseri
1050 4967 1305 5035 imperscrotebilem
1326 4971 1374 5024 net
1394 4973 1551 5043 sapientiem
1571 4973 1603 5025 ecl
1634 4972 1771 5026 ssloterem
1793 4987 1870 5022 usum

184 5063 288 5128 posset;
308 5053 355 5107 sed
372 5053 491 5122 theologo
509 5052 674 5121 erengettcee
692 5049 829 5118 religionis
847 5067 899 5104 nou
918 5064 1003 5121 potest
1051 5052 1102 5104 tele
1118 5054 1184 5122 quid
1203 5055 1412 5107 clementissime
1431 5054 1562 5118 dirigere;
1581 5055 1645 5109 bueo
1673 5065 1759 5108 temen
1786 5051 1873 5107 leteor

185 5140 215 5192 id
233 5138 342 5208 ignosci.
361 5136 401 5189 lte
424 5138 497 5190 enim
522 5137 593 5189 idem
613 5135 646 5188 de
663 5134 786 5190 omuibus
810 5133 907 5189 ritibus
925 5135 1001 5190 iectle
1054 5135 1134 5187 etiem
1154 5136 1221 5188 mibi
1241 5155 1294 5190 non
1313 5135 1453 5203 sulficere,
1472 5149 1500 5190 ut
1519 5139 1649 5208 ejusmodi
1668 5138 1806 5192 molimine
1826 5155 1872 5213 op-

187 5221 391 5296 percunctere,
409 5229 436 5273 et
454 5219 493 5273 sio
511 5219 582 5271 nibil
599 5221 677 5290 pisce
700 5219 772 5283 iuris
796 5220 914 5289 principi
934 5223 1003 5274 circe
1053 5219 1165 5286 prebere
1181 5237 1284 5291 queem.
1304 5222 1374 5292 Quid
1393 5221 1466 5275 enim
1485 5240 1578 5294 quaeso
1589 5222 1659 5276 eliud
1674 5223 1738 5278 iude
1754 5239 1872 5294 sequere-

186 5303 257 5358 ritos
274 5313 301 5356 et
317 5303 479 5357 ceremonies
496 5311 654 5357 remeneret.
668 5303 719 5356 Sed
734 5299 797 5354 lelse
811 5303 891 5356 etiem
908 5303 1005 5375 ubique
1052 5313 1101 5360 tur.
1120 5319 1199 5372 quens
1219 5314 1248 5356 ot
1265 5305 1377 5374 pessimi
1395 5307 1500 5378 quique,
1518 5309 1542 5360 si
1556 5307 1614 5361 tolie
1628 5309 1747 5376 exemplo
1759 5324 1812 5360 nou
1825 5323 1871 5366 no·

188 5389 572 5460 supponiteoctorrnuuqusnr
592 5385 1003 5456 enimprobebit‚erorcismum
1053 5394 1159 5451 tentor,
1177 5386 1312 5440 licentium
1332 5390 1384 5442 eibi
1412 5407 1559 5443 concessero
1579 5408 1636 5446 csse
1654 5391 1810 5458 crederent,
1833 5391 1872 5444 le·

186 5473 306 5542 etiosqne
330 5473 397 5525 ritus
421 5487 534 5540 ooqoeru
553 5471 586 5523 eb
612 5471 718 5524 ecclesie
745 5480 833 5524 nostre
859 5472 1003 5538 evengelice
1051 5469 1302 5539 gtttmotmpermu
1316 5472 1566 5542 insultandiicujos
1588 5476 1628 5528 rei
1652 5476 1771 5546 exemplo
1789 5493 1869 5548 quem

189 5556 311 5610 uoenimi
336 5569 362 5610 et
377 5571 501 5626 expresse
521 5554 650 5611 declereto
671 5569 799 5606 consensu
823 5564 942 5622 receptos
964 5554 1005 5607 sel
1053 5551 1166 5622 plurime
1181 5553 1290 5607 bistorie
1304 5557 1477 5610 ecclesiastice
1492 5558 1688 5622 subministret.

189 5641 344 5712 opprobetcs
362 5655 434 5697 esser
445 5655 477 5694 ex
489 5635 609 5714 reliqniis
619 5650 726 5713 pepetus
743 5641 792 5694 bes
808 5649 836 5695 et
853 5636 1004 5712 elieeqnes·
1088 5637 1110 5704 §.
1129 5636 1172 5691 ili·
1191 5637 1281 5708 Quare
1296 5657 1349 5696 uon
1368 5657 1474 5714 meeum
1492 5657 1544 5696 oon
1563 5641 1608 5702 bic
1625 5641 1704 5698 simul
1717 5639 1866 5714 improbere
