4442 6158
439 348 769 434 DlSPll'l'A'l’lO
794 344 1059 470 JURlDlCAV
1075 225 1340 421 WGEthA
1366 329 1612 414 SECUNDA

318 563 432 674 uu
477 548 875 669 uuuuaua
922 473 1743 668 unuuunuuuuura,

613 773 719 844 SEU
741 771 850 840 VON
870 755 1447 844 nnalcflr-scnnnlnnm

556 969 609 1010 urs
634 967 666 1010 a.
691 963 795 1010 arara.
826 939 921 1008 1680.
947 957 1042 1006 noan
1065 950 1343 1009 asrmmrunms,
1367 945 1501 990 aeream
1556 989 1558 996 ,

919 1135 1134 1184 asumuntur:

483 1296 708 1369 nuuouru
731 1297 763 1364 a
785 1273 1042 1371 arsurum,
1065 1255 1173 1376 uun.
1195 1271 1578 1350 cunano-manu.

835 1755 1228 1834 autumnation-
1290 1749 1314 1787 ‘⁴

204 1939 444 2128 Quousque
468 2025 514 2100 ad
540 2023 644 2123 aequi
670 2037 707 2097 et
732 2023 816 2098 boni
842 2037 959 2098 artem
985 2027 1151 2100 animum
1183 2020 1343 2123 applicui
1375 2035 1519 2101 meum,
1552 2006 1649 2110 quod
1683 2007 1720 2079 in
1752 2007 1863 2077 trien-

201 2138 309 2208 nium
336 2130 437 2217 abit,
464 2129 504 2197 in
530 2125 569 2198 id
594 2126 743 2197 incubui
772 2119 928 2222 prolixe,
954 2138 994 2198 ut
1019 2148 1111 2222 quae
1136 2125 1267 2222 privati
1295 2119 1382 2218 iuris
1407 2123 1509 2199 sunt,
1543 2109 1634 2180 mibi
1668 2103 1860 2178 familiaria

202 2232 395 2306 redderem
423 2229 560 2328 primo,
586 2222 631 2294 ad
658 2225 712 2320 jus
738 2223 924 2322 publicum
951 2222 1180 2324 progrederer
1205 2220 1360 2305 deinde;
1387 2217 1582 2310 imperatur
1598 2208 1716 2293 enim,
1733 2206 1789 2274 cui
1807 2227 1862 2273 ar·

164 2361 174 2372 ·
205 2335 254 2404 tis
270 2331 378 2430 hujus
396 2324 611 2400 methodum
638 2319 835 2412 debemus,
853 2323 949 2420 ,duas
973 2324 1082 2396 studii
1109 2321 1207 2394 illius
1231 2319 1425 2420 positiones
1450 2331 1526 2380 esse
1553 2305 1688 2392 voluit,
1726 2315 1765 2372 ut
1798 2305 1876 2397 qui,

205 2433 348 2530 privato
374 2437 521 2500 tantum
548 2423 619 2520 juri
644 2443 791 2518 operam
818 2421 1016 2514 dederunt,
1044 2447 1114 2496 non
1140 2425 1252 2508 artis,
1277 2417 1338 2488 sed
1359 2416 1433 2512 ejus
1452 2407 1563 2507 partis
1581 2411 1684 2500 gnari
1700 2399 1771 2471 dici
1793 2417 1871 2483 me<

206 2542 366 2601 reantur.
393 2525 447 2598 Ne
474 2545 559 2595 reru
584 2519 630 2592 de
655 2517 823 2592 inanibus
850 2525 952 2596 inea
980 2521 1197 2621 profectibus
1223 2514 1381 2591 blandiri
1408 2507 1498 2580 milri
1527 2504 1667 2590 ridear,
1703 2498 1792 2596 quid
1826 2499 1866 2568 in

205 2655 248 2700 eo
273 2649 402 2724 genere
425 2619 571 2697 valeant
599 2621 711 2708 vires,
743 2621 943 2716 specimine
973 2623 1127 2719 quodam
1160 2617 1314 2716 experiri
1347 2607 1443 2708 apud
1476 2605 1641 2675 animum
1670 2597 1867 2686 coustitui;

207 2739 342 2827 quanta
369 2723 503 2822 quippe
526 2721 699 2816 cujusque
723 2717 901 2808 eruditio,
926 2733 963 2790 et
989 2721 1124 2814 ingenii
1153 2709 1424 2816 promptitudo,
1449 2726 1493 2776 ex
1520 2724 1584 2773 usu
1609 2712 1645 2770 st
1662 2693 1866 2769 actionibus

207 2847 380 2926 apparere
405 2820 504 2892 solet.
531 2813 775 2888 Tractationis
800 2819 990 2890 materiam
1017 2819 1062 2890 de
1088 2818 1201 2889 literis
1227 2805 1486 2886 informaturiis
1511 2821 1555 2872 ea
1575 2803 1687 2868 artic.
1712 2796 1765 2866 18.
1784 2816 1866 2891 cap.
1915 2849 1919 2856 .

208 2947 353 3000 ouesar.
378 2925 474 3015 leop.
500 2929 539 2988 et
562 2915 599 3005 S.
631 2913 706 2986 105.
732 2937 764 2984 r.
791 2916 879 3010 imp.
902 2917 950 2991 de
972 2941 1073 2990 anno
1096 2916 1208 2998 1654.
1235 2911 1326 2984 milri
1352 2900 1513 3000 sumpsi,
1539 2921 1611 2967 nun
1638 2893 1868 2981 temere,sed

207 3021 295 3097 cum
319 3016 560 3092 conscientiae
588 3037 687 3084 meae
709 3021 897 3103 examine,
924 3028 961 3088 et
986 3018 1152 3089 animoa
1179 3013 1337 3112 partium
1370 3001 1490 3075 studio
1528 3019 1647 3068 vacuo.
1679 2993 1766 3065 Jura
1800 3007 1870 3062 ete·

210 3125 292 3194 nim
317 3119 547 3191 dominorum
574 3109 862 3184 atsubditorum
889 3138 927 3186 sa
954 3115 1158 3201 concernit,
1184 3133 1278 3183 nexu
1304 3101 1502 3179 admodum
1528 3105 1651 3166 tenero
1676 3098 1815 3184 juncta,
1833 3105 1870 3160 et

211 3245 281 3294 nec
307 3230 405 3290 tactu
432 3237 497 3286 nec
522 3223 678 3285 tractatu
705 3209 835 3282 facilia.
860 3211 1043 3310 Horologii
1070 3215 1202 3313 quippe
1235 3212 1350 3280 instar
1381 3197 1501 3273 omnis
1532 3188 1748 3358 reipublicae
1771 3212 1871 3259 com·

211 3341 323 3420 peges
348 3339 393 3388 ex
419 3325 543 3386 curato
570 3311 853 3410 imperantium,
877 3326 913 3383 at
939 3309 1187 3386 obedientium
1212 3320 1315 3380 coetu
1340 3295 1494 3374 oriunda
1519 3315 1556 3362 se
1608 3287 1712 3376 abet3
1738 3288 1870 3373 sicuti,

216 3420 281 3517 qui
309 3416 469 3488 maxime
492 3413 660 3506 exiguam
686 3413 762 3508 ejus
787 3409 941 3482 rotulam
969 3425 1104 3484 temere
1130 3408 1264 3506 tangit,
1289 3426 1360 3476 non
1379 3421 1459 3472 raro
1476 3393 1655 3484 integrum
1681 3407 1769 3482 opus
1792 3407 1871 3454 cur·

214 3516 375 3614 ruuipit,
400 3513 452 3584 sic
476 3511 540 3608 qui
569 3513 604 3581 in
632 3507 860 3580 dominorum
888 3514 966 3608 jura
992 3507 1195 3583 inconsulte
1219 3529 1257 3577 se
1280 3493 1516 3578 intromittit,
1543 3487 1600 3560 rel
1625 3480 1781 3556 subditis
1813 3481 1872 3554 de·

218 3617 294 3689 bita
321 3613 476 3684 severius
504 3607 562 3682 rel
588 3607 702 3679 laxius
728 3609 821 3706 justu
841 3611 1033 3700 aestimat,
1057 3633 1162 3708 saepe
1187 3601 1403 3706 reipublicae
1420 3593 1547 3668 salutis
1570 3595 1758 3680 corruptor
1781 3581 1874 3678 leges

124 3749 141 3766 α
219 3715 395 3801 incurrit,
420 3723 456 3781 et
482 3707 749 3806 imprudentiae
774 3705 843 3776 luit
869 3731 1009 3805 poenas.
1034 3711 1156 3782 Monet
1182 3705 1219 3778 id
1246 3701 1435 3802 praecipue
1466 3706 1632 3790 praesens
1657 3683 1877 3760 Germaniae

218 3826 354 3900 status,
377 3834 448 3907 quo
474 3829 540 3879 nec
578 3805 709 3878 vicinis
734 3803 877 3902 imperii
904 3807 1057 3880 statibus
1089 3806 1143 3879 l'as
1174 3815 1247 3890 est,
1277 3799 1426 3872 alterius
1449 3787 1603 3864 subditis
1629 3783 1702 3856 ulla
1736 3781 1877 3852 ratione

220 3907 454 4013 patrocinari,
479 3918 517 3978 et
541 3906 593 3978 sic
616 3903 848 3978 dominorum
873 3907 949 4002 jura
978 3931 1104 3978 vocare
1129 3907 1169 3976 in
1194 3895 1477 3974 controversiam
1505 3897 1579 3956 art.
1613 3881 1646 3952 5.
1678 3885 1765 3950 inst.
1787 3901 1875 3973 poc.

159 4027 165 4036 '
221 4007 346 4083 osnab-
370 4006 407 4095 S.
433 4017 618 4103 quantum
643 4000 780 4074 deinde
804 4013 874 4075 etc.
904 4003 960 4077 30.
987 4004 1117 4078 Caesar
1140 4006 1216 4102 ipse
1244 3991 1456 4070 electoribus
1487 3998 1523 4057 et
1551 3977 1702 4054 statibus
1732 3978 1875 4076 imperii

160 4117 171 4160 ·'
221 4106 431 4209 promittit,
462 4101 693 4175 subditurum
728 4101 861 4172 intuitu
897 4125 933 4172 sc
963 4127 1035 4174 non
1070 4113 1274 4176 creaturum
1308 4119 1380 4165 esse
1416 4093 1461 4162 iis
1495 4078 1775 4183 praejudicium,
1811 4100 1878 4148 nec

220 4208 269 4281 ob
301 4205 441 4276 crimen
478 4203 517 4272 in
555 4203 779 4302 majestatem
814 4223 916 4272 suam
951 4205 1185 4274 commissum
1222 4195 1268 4272 ab
1301 4193 1449 4266 illorum
1483 4179 1640 4256 subditis
1664 4201 1701 4250 ae
1735 4188 1879 4248 exactu-

224 4329 308 4378 rum
341 4324 495 4402 poenas,
527 4301 588 4372 sed
620 4325 679 4372 eas
707 4299 812 4370 unice
845 4299 974 4372 iisdem
994 4325 1067 4373 esse
1095 4299 1320 4373 relicturum.
1344 4291 1440 4364 Haec
1467 4298 1503 4356 ct
1527 4279 1660 4352 similia
1687 4279 1879 4374 inspicien-

225 4423 300 4482 tem
329 4423 432 4499 saepe
463 4411 610 4472 conatus
638 4412 675 4471 et
700 4395 841 4472 consilii
874 4400 989 4496 coepti
1020 4401 1210 4472 materiam
1241 4397 1334 4469 banc
1360 4397 1514 4462 tractare
1547 4375 1782 4451 reddiderunt
1814 4397 1881 4445 arr-

226 4505 388 4602 cipitem.
415 4495 633 4572 Oblirmarit
657 4510 783 4569 tamen
807 4497 972 4570 animum
1000 4499 1147 4571 tandem
1175 4491 1345 4598 propositi
1370 4481 1597 4568 innocentia,
1618 4501 1688 4576 qua
1714 4497 1787 4546 non
1814 4472 1878 4545 ali·

224 4617 281 4674 ter
307 4599 353 4674 ad
378 4597 417 4672 id
441 4599 593 4685 accessi,
617 4619 728 4695 quam
754 4597 851 4694 ipsae
878 4595 1044 4694 publicae
1070 4599 1166 4694 leges
1189 4619 1293 4692 agere
1312 4586 1523 4684 indulgent,
1542 4593 1578 4651 et
1596 4573 1879 4677 jurisprudentia

149 4779 154 4787 ,
227 4723 329 4773 sacra
354 4699 392 4768 in
418 4695 610 4768 academiis
634 4693 777 4794 publica
808 4698 880 4766 'ura
910 4706 1063 4769 tractare
1087 4699 1223 4769 sinunt.
1250 4690 1378 4766 Sancta
1405 4681 1495 4759 mibi
1514 4675 1693 4779 quaelibet
1712 4676 1882 4771 majestas

227 4813 307 4888 est,
332 4797 378 4870 de
403 4798 607 4895 principum
634 4790 773 4894 juribus
798 4719 917 4892 loqui,
944 4795 1037 4868 mibi
1074 4795 1214 4889 religio,
1246 4815 1330 4863 cum
1364 4785 1465 4860 lidcli
1499 4803 1582 4853 vero
1611 4773 1760 4846 subdito
1788 4797 1880 4846 sano

209 4895 397 4994 obsequio
421 4893 568 4990 defungi
593 4892 727 4991 gloriae
750 4891 850 4964 duco.
878 4891 953 4966 Hac
979 4897 1113 4967 mentis
1139 4893 1345 4987 integritate
1369 4883 1533 4961 munitus
1555 4875 1600 4950 ad
1628 4875 1881 4947 tractationem

228 4999 346 5097 ipsam
373 5016 431 5066 me
456 4995 620 5087 accingu;
648 4989 821 5064 methodo
846 5013 935 5064 usus
951 5015 1033 5066 aum
1058 4991 1266 5081 arbitraria,
1291 5003 1329 5062 et
1353 4982 1526 5058 materiae
1558 4975 1661 5064 huic,
1686 4997 1765 5046 meo
1792 4973 1882 5072 judi·

227 5101 307 5185 cio,
329 5093 579 5180 convenienti,
603 5115 714 5190 quam
740 5091 923 5188 sequentia
946 5092 1063 5190 capita
1091 5091 1296 5164 delineant:
1330 5088 1361 5158 si
1385 5077 1630 5182 expectatione
1662 5087 1723 5144 tua
1755 5071 1884 5169 digna,

229 5195 341 5268 lectur
364 5193 519 5290 optime,
546 5213 617 5263 nun
637 5189 834 5288 protulero,
852 5211 913 5260 me
930 5193 1072 5270 reniam
1095 5187 1303 5262 habiturum
1321 5209 1444 5283 spero,
1462 5176 1557 5278 quod
1580 5196 1686 5245 nemo
1702 5197 1773 5270 qua
1792 5175 1883 5244 milri

228 5303 389 5379 cunstat,
406 5303 490 5362 ante
508 5289 575 5361 bac
592 5289 781 5362 materiam
800 5284 892 5358 banc
913 5286 1121 5384 siugulatim
1151 5287 1378 5375 tractaverim
1408 5283 1463 5352 sin
1494 5275 1655 5350 abstrusa
1678 5274 1801 5344 omniu
1826 5273 1887 5344 bic

229 5391 454 5466 occurrentia
480 5399 656 5462 assecutus
682 5413 755 5461 non
780 5387 871 5474 sim,
897 5385 954 5458 vet
980 5387 1147 5459 curatiori
1174 5385 1262 5460 lima
1289 5381 1469 5482 quaedam
1496 5397 1601 5452 ame
1619 5395 1690 5443 uon
1708 5373 1791 5442 satis
1808 5391 1884 5469 per·

229 5490 342 5664 polita
368 5512 443 5562 esse
468 5485 536 5560 tibi
565 5486 772 5575 rideantur,
795 5485 1022 5558 succinctiori
1052 5499 1114 5558 tuo
1136 5481 1330 5558 emendare
1367 5478 1525 5576 digneris
1551 5473 1695 5573 judicio.
1723 5469 1798 5543 Hac
1823 5493 1886 5570 spe

246 5617 264 5667 r
1625 5611 1633 5620 -
1692 5583 1695 5588 ·

265 5604 324 5667 cto
350 5591 448 5669 neus
471 5599 628 5684 annuat,
652 5591 798 5690 ejusque
823 5585 980 5686 auspiciu
1005 5583 1101 5660 felici
1126 5587 1187 5660 sit.
