4352 6226
2151 215 2153 304 ,

428 327 482 388 rus
981 311 1470 394 u‘tsrunrrtoxtv.
1953 337 2015 390 ooo

332 440 348 492 ι
415 436 439 495 ς.
456 423 483 483 d.
502 417 651 500 Aliquando
669 422 833 484 incertitudo
849 425 1004 500 quontitatia
1021 441 1072 485 tam
1098 430 1205 492 aetld·⁴
1234 432 1325 505 inepte
1343 434 1482 497 declarari,
1501 443 1713 505 conquereretur,
1731 429 1828 503 regessl
1848 439 1948 498 nmen,
1963 431 2070 488 sitium
2151 491 2153 516 ἰ

367 510 439 571 cloes
454 510 593 568 sorborum
613 513 848 568 constructionem
860 514 1029 584 periodorum
1045 517 1185 570 connexio·
1236 517 1353 572 incertae
1370 517 1528 589 quantitatis
1545 517 1660 586 judicem
1679 528 1739 571 ante
1756 515 1991 587 reprobationem,
2011 533 2069 586 qna
2151 521 2153 568 t

367 615 402 654 ue
419 597 580 669 implicetur,
599 609 721 652 rtuemo
738 598 829 667 primo
848 599 950 653 intuitu
969 597 1002 653 de
1020 597 1106 653 libelli
1129 617 1185 656 cer-
1234 615 1308 656 actor
1327 619 1355 656 se
1372 602 1461 656 studio
1479 595 1569 658 rerum
1594 599 1691 654 ermbii
1717 599 1849 670 redempti
1870 601 1991 671 pretium
2023 617 2073 653 ee·

366 681 482 736 titudine
497 687 527 736 ct
550 680 702 751 eptitudiue
725 681 875 737 dubitaret.
901 683 955 738 Sed
980 683 1186 756 circumspectus
1236 686 1304 741 lasse
1323 684 1407 740 iassus
1425 689 1478 754 sit,
1497 688 1618 756 augurari
1639 695 1682 737 ant
1699 683 1837 738 advertere
1855 701 1905 736 nou
1933 679 2075 755 potuisse·

364 762 506 819 advocatus
522 777 616 817 omues
633 763 747 817 latebras
767 765 883 820 studiose
901 767 1074 837 perlustrabit
1092 779 1120 821 et
1144 787 1188 822 ex·
1236 769 1398 841 sequebatur
1415 789 1488 840 ergo,
1507 789 1559 823 non
1576 770 1697 823 obstante
1709 769 1888 832 lanteratione,
1905 767 1939 820 ab
1952 769 2075 837 amplis-

365 849 457 912 entier,
478 845 594 917 nequid
613 846 769 901 nttttttntta
788 860 832 902 sot
852 852 983 905 versutiae
1001 863 1045 904 aut
1064 853 1187 907 solertiae
1238 856 1307 909 sinuo
1325 859 1445 911 ictorum
1468 855 1729 923 Wittebergeusinm
1748 853 1988 906 ordinesenteutia
2003 869 2071 903 eun-

332 933 512 998 gnsmnosae
530 931 697 983 inexcessum
718 931 890 1002 relinquatur.
911 935 941 986 iu
962 935 1035 987 actis.
1055 936 1130 988 Μ
1155 935 1188 990 Β.
1237 936 1385 994 iirrnstoeia
1403 958 1489 995 urens.
1508 951 1625 1010 angusto
1644 939 1725 989 1703.
1744 939 1832 991 Potest
1857 935 1900 988 irio
1925 953 2007 987 orsus
2034 930 2073 987 ad

367 1023 464 1069 consen
485 1016 521 1068 1).
539 1017 566 1068 1.
584 1015 617 1064 F.
637 1019 666 1068 δ’.
683 1016 771 1068 coram
791 1018 903 1070 concilio
920 1018 1069 1070 academico
1081 1019 1189 1090 lipsien·
1238 1024 1402 1079 invisibilem
1429 1026 1637 1097 ineptitudinem
1668 1020 1763 1076 reierri
1791 1019 2004 1074 Sueudettddrff·
2034 1019 2075 1074 uri

367 1099 728 1153 circumducentibus
748 1102 849 1170 coeptis
869 1102 930 1154 talis
952 1102 1060 1154 libellus
1077 1103 1189 1173 iegitur:
1238 1107 1327 1180 tt'tbtg.
1344 1130 1370 1182 p.
1392 1109 1455 1162 282.

368 1179 539 1234 liodricirter
555 1179 661 1251 Kidger
675 1191 738 1250 suge
754 1199 787 1236 en
807 1183 996 1255 Anirr'ngnng
1010 1183 1101 1238 eeiner
1123 1185 1189 1238 Kin·
1275 1194 1297 1268 5.
1317 1195 1344 1245 8.
1363 1196 1394 1246 ln
1413 1207 1549 1264 processus
1575 1207 1673 1260 genere
1697 1185 1818 1258 eligendo
1844 1203 1938 1254 magua
1963 1185 2100 1240 setosisi

364 1282 401 1336 εί
417 1263 572 1327 Ῑῑῡΐῗῦῖἶθῆο
595 1280 653 1323 W
671 1266 771 1336 5011011
793 1267 911 1338 “iiim
939 1266 1086 1338 Belicsier
1110 1288 1188 1324 cuno
1235 1288 1355 1331 rersatur
1374 1277 1493 1342 utilitas,
1514 1271 2013 1344 multoquemegisexecttirusquam
2028 1286 2071 1321 or·

366 1348 669 1414 succensionibus
688 1351 748 1402 und
763 1351 865 1402 seinem
890 1350 998 1406 domnia
1023 1371 1069 1406 om
1098 1353 1188 1408 leben
1238 1359 1361 1414 dinarius
1379 1359 1503 1431 expedit.
1523 1360 1576 1411 ttto
1594 1359 1665 1409 enim
1685 1374 1733 1427 per
1751 1355 1848 1408 multas
1866 1352 2009 1421 ambages,
2023 1354 2073 1408 iiie

363 1449 520 1507 ‘emmim
544 1436 629 1489 Vade!
645 1455 680 1489 zu
699 1433 780 1487 2000.
798 1437 886 1489 Idiiidi'.
898 1455 931 1490 zu
943 1437 1102 1506 Bezaiiddiiig
1112 1437 1191 1492 edliei'
1239 1461 1300 1501 mo
1318 1449 1395 1516 longe
1412 1445 1523 1498 telesim
1541 1455 1570 1496 ιι
1587 1441 1730 1512 aliquando
1747 1438 1796 1493 ung
1822 1441 1958 1492 geniculi·
1987 1456 2072 1506 μη.

364 1519 476 1584 cenati,
493 1535 577 1589 gegen
593 1518 780 1589 genciniiciae
804 1525 1004 1576 Interessenud
1014 1519 1190 1594 geungsorr're
1237 1531 1319 1599 gitur.
1339 1531 1433 1586 Carent
1453 1540 1540 1583 tamen
1559 1517 1716 1590 adsecutus,
1735 1541 1769 1576 ne
1780 1539 1815 1574 ex
1828 1521 1993 1574 documento
2007 1537 2072 1576 exe·

368 1605 565 1674 Versiciterung
582 1601 642 1676 cus
652 1603 679 1656 ³.
698 1605 736 1657 dir
756 1605 779 1657 d.
802 1607 879 1660 Jnirr
896 1626 930 1660 en
948 1605 1190 1674 verbeifflmoder
1239 1616 1326 1670 entire
1344 1627 1420 1686 agae,
1438 1613 1462 1667 ai
1481 1613 1550 1666 nuile
1569 1619 1637 1663 certe
1663 1608 1796 1678 quantitas
1825 1621 1857 1657 eo
1886 1605 2072 1661 continentur.

363 1689 413 1743 mii
429 1704 460 1742 ⁸⁰
479 1689 537 1741 ”¹⁸21
554 1688 606 1757 ⁶⁸0]
624 1689 717 1741 Hem
737 1689 973 1743 Commermeister
992 1691 1031 1744 d!-
1050 1692 1080 1742 t'n
1092 1689 1188 1744 ΒΜ·
1238 1697 1449 1752 Fundamentum
1470 1697 1541 1750 euim
1563 1708 1701 1764 processus
1718 1687 1849 1743 executiri
1861 1697 1902 1741 est
1922 1689 2073 1741 documen-

362 1773 416 1828 rien
436 1772 517 1826 einen
540 1771 781 1840 Weeiasei-Bries
791 1789 841 1826 cor·
865 1772 945 1825 nttto.
977 1775 1066 1827 nette.
1088 1787 1188 1828 contro
1240 1791 1295 1834 tum
1315 1779 1550 1850 guarentigisrum,
1568 1777 1633 1828 Tale
1651 1771 1998 1841 saeomnbabnua,qnnd
2013 1789 2070 1825 m.

361 1859 456 1910 Herm
485 1853 648 1908 Geireiurden
676 1856 750 1910 iiotit
769 1857 808 1910 M.
826 1859 863 1910 H.
881 1857 1047 1923 er'nznibseu,
1074 1859 1190 1913 weiciten
1239 1865 1292 1915 tnui
1309 1863 1483 1932 quantitatem
1503 1877 1556 1913 uun
1574 1857 1773 1929 complectitur,
1792 1854 1855 1908 lieet
1873 1855 1979 1928 reliqna
1994 1857 2069 1911 iuss

364 1941 469 1994 errand
484 1937 542 1992 rein
567 1940 654 1992 Voter
672 1939 792 1998 dernccit
813 1941 897 1995 wider
912 1943 1003 1995 diesen
1022 1943 1080 1996 und
1097 1945 1190 1996 arinen
1240 1955 1387 2015 appareant
1405 1945 1551 2016 requisita,
1568 1951 1596 1995 et
1613 1941 1698 2013 quid,
1716 1939 1808 2011 quale,
1826 1939 1887 2006 cui,
1919 1958 1937 1993 a
1964 1958 2024 2010 qno
2042 1949 2069 1996 ei

360 2023 561 2077 cessionarium
582 2021 618 2074 F.
636 2021 669 2074 B.
689 2025 717 2078 C.
741 2023 770 2076 iu
797 2023 924 2093 itr'esigeur
954 2027 1037 2079 Amce
1064 2043 1189 2093 compen·
1239 2044 1272 2080 ex
1300 2045 1350 2098 qua
1382 2045 1457 2082 causa
1477 2028 1619 2090 debeatne,
1638 2023 1727 2079 stetim
1759 2023 1856 2076 exilio
1875 2035 2066 2094 cognoscatur.

362 2106 453 2162 'condo
472 2127 505 2161 sn
522 2107 694 2177 gebrore‘ciren
719 2107 833 2162 Wiiiens
852 2113 933 2164 occire.
953 2113 1108 2166 iiiennnnn
1122 2113 1191 2164 liin·
1241 2109 1440 2164 Sneodeudtirff
1466 2110 1505 2166 cd
1524 2109 1612 2180 Fa'iig.
1629 2127 1658 2179 p.
1678 2109 1759 2160 112³.
1783 2105 1972 2162 Nihilominus
1993 2111 2099 2168 enimi

364 2190 486 2260 gerrici
504 2207 537 2244 ere
557 2190 661 2259 ieyiieu
679 2190 810 2257 erkieiret,
829 2193 876 2246 irae
895 2193 1043 2263 liekiagter
1066 2193 1121 2246 iiim
1140 2193 1187 2248 da·
1242 2191 1347 2245 iiirellne
1366 2202 1498 2262 iamqnem
1519 2194 1626 2263 ineptus
1646 2191 1787 2260 reiieietnr·
1808 2189 1944 2246 imorem
1964 2212 2019 2247 nee
2036 2195 2068 2250 ob

351 2274 412 2344 seir
429 2274 487 2326 sein
507 2274 633 2326 srimtia'cir
657 2273 810 2345 Vermdgen
830 2276 1019 2331 mitConseus
1036 2297 1096 2332 curn
1131 2283 1187 2333 iln-
1243 2291 1339 2330 certam
1357 2279 1528 2347 quantitatem
1548 2293 1651 2346 semper
1669 2284 1758 2346 potest
1776 2275 1982 2354 executieeagi,
2003 2271 2065 2334 lieet

364 2355 512 2428 terpfunde
529 2377 561 2412 nn
580 2357 755 2427 cerretioffen
775 2359 963 2426 versprociren,
981 2361 1016 2412 od
1041 2379 1097 2414 nnn
1115 2379 1188 2416 esser
1243 2360 1428 2414 documentum
1448 2361 1671 2429 guarentigiatnm
1692 2361 1720 2410 iu
1751 2370 1876 2429 promptu
1908 2361 2067 2413 babeamus.

366 2437 472 2510 Kioger
490 2441 542 2494 deu
562 2443 723 2511 cericngten
751 2439 968 2511 WecirreiBrief
985 2459 1036 2494 uon
1060 2443 1188 2512 deeogeen
1241 2443 1308 2498 Nam
1328 2446 1434 2516 quoties
1452 2459 1540 2498 contre
1559 2437 1805 2496 administeitueeru
1824 2443 1958 2496 actionem
1986 2445 2065 2499 insti·

365 2525 459 2578 Herm
484 2525 523 2575 dd.
543 2523 696 2592 eingeidset,
717 2521 775 2577 und
792 2541 849 2576 von
866 2525 927 2576 Idm
946 2524 1064 2597 seiir'gen
1091 2528 1190 2581 Bekio·
1243 2529 1355 2592 tuitnns,
1375 2529 1453 2582 toties
1471 2529 1503 2580 ad
1523 2527 1639 2582 rationes
1658 2525 1806 2580 reddendos
1822 2539 1845 2578 ct
1865 2527 2006 2580 residuum
2025 2547 2064 2582 ee·

364 2618 424 2678 gter
443 2610 490 2659 mit
508 2610 595 2661 ciuem
613 2605 805 2662 ludossemenl
824 2607 955 2674 eriroiten,
975 2627 1006 2662 so
1025 2610 1191 2665 interducir
1243 2611 1424 2674 stitueudnur,
1445 2630 1496 2664 uon
1517 2625 1600 2664 autern
1620 2611 1651 2664 ad
1672 2622 1772 2662 certum
1794 2629 1924 2662 summam
1947 2615 2065 2681 agimus:

366 2693 497 2764 itiercus,
532 2691 601 2748 eriles
628 2692 769 2762 giitiiciten
800 2693 957 2747 Erinnerns
991 2692 1172 2764 cingeocirtcl
1183 2735 1191 2762 ,
1245 2695 1315 2747 Dure
1334 2695 1468 2764 deirittgter
1481 2694 1603 2748 iiberriie
1614 2693 1743 2765 gefriirrte
1757 2693 1999 2748 Administrationis
2015 2699 2065 2750 tte·

364 2775 488 2848 liidgern
514 2777 601 2833 weder
622 2794 804 2850 genngrnme
821 2777 1023 2846 Versicirettrng
1051 2794 1101 2830 cor
1129 2781 1188 2832 sein
1241 2781 1356 2852 cbunng
1374 2781 1538 2849 oieuiegen,
1553 2781 1610 2834 ond
1622 2781 1673 2831 den
1692 2780 1821 2833 Uberrest
1843 2789 1914 2832 sumt
1935 2781 2067 2834 iuteresse'

367 2865 603 2932 rorgesciaoaeenes
624 2863 693 2916 Geici
718 2863 848 2928 sncciten,
876 2862 948 2915 nocie
972 2861 1042 2914 nucis
1065 2860 1108 2916 die
1124 2865 1182 2918 iiie
1243 2864 1677 2930 morneunscuuntsuorten,unci
1693 2863 1748 2918 niie
1765 2863 2065 2918 Uniosteneoerarot·

366 2945 585 3018 'eier-Becniaitsng
610 2965 669 3003 enm
696 2951 830 3000 iuteresse
853 2947 949 3000 ieisien
975 2945 1081 3000 woiien:
1107 2950 1192 3002 Nuria·
1242 2955 1286 2999 ten
1305 2947 1431 3018 scirnidig
1446 2963 1502 3018 sey.
1520 2945 1611 3019 Neque
1629 2957 1717 3002 nmen
1736 2947 1798 3000 ideo
1826 2966 1886 3002 eum
1918 2950 2067 3013 libellum,

368 3030 428 3082 dem
453 3031 519 3084 uber
543 3030 649 3102 Kiciger
672 3031 722 3083 dns
746 3031 855 3099 Seiur'ge
879 3049 912 3083 nn
943 3031 1088 3084 eutrotiren
1120 3032 1195 3085 uicirt
1242 3048 1293 3099 quo
1311 3044 1410 3086 certam
1430 3033 1608 3104 quantitatem
1626 3033 2066 3103 abadruinistratoreexreeugno·

368 3125 528 3185 gerneyuee,
561 3115 602 3166 oie
614 3113 729 3184 scandere
755 3128 784 3164 er
809 3130 866 3165 von
893 3113 917 3162 B
934 3113 1045 3182 kington
1074 3112 1195 3187 itieran·
1243 3112 1340 3168 scendo
1358 3113 1514 3168 documento
1532 3127 1601 3169 actor
1620 3115 1702 3186 petit,
1732 3117 1853 3185 ineptum
1886 3121 2063 3186 putaverim,

366 3199 498 3269 gelrie-ige
524 3197 695 3266 Eirinssuug
719 3196 776 3251 nuri
800 3198 942 3262 Antenori,
966 3199 1035 3250 cneii
1058 3200 1129 3252 nocie
1154 3201 1196 3254 de·
1243 3197 1286 3249 sed
1306 3212 1337 3249 ex
1357 3217 1438 3268 aequo
1457 3210 1483 3252 et
1500 3197 1570 3254 bono
1589 3200 1627 3250 ita
1651 3203 1901 3270 interpretandum,
1934 3213 1965 3256 ut
1996 3219 2066 3257 exce·

370 3301 418 3336 ren
443 3283 543 3355 Erfiig
567 3285 640 3336 iittet
663 3300 694 3336 er
722 3283 751 3335 in
777 3283 896 3338 dirciten
920 3301 953 3337 cn
975 3283 1116 3340 eriennen
1140 3289 1196 3342 und
1242 3281 1300 3350 ptio
1317 3299 1490 3351 expensarum
1509 3287 1588 3337 etism
1607 3283 1731 3354 illiquida
1757 3285 1936 3339 nibilominus
1966 3287 2065 3342 admit·

372 3369 606 3438 curareepsecirene
630 3368 693 3422 dass
720 3365 782 3421 Iitm
805 3367 947 3438 Beiringter
968 3367 1194 3441 djecorgesoiros-
1245 3376 1320 3420 tatur.
1339 3366 1434 3420 Tutius
1455 3377 1543 3420 tauron
1561 3367 1630 3431 erit,
1652 3379 1741 3420 contra
1767 3369 1877 3438 petitam
1908 3369 2066 3424 documenti

371 3469 454 3510 senen
484 3452 585 3508 Geider·
608 3451 686 3506 deret
710 3452 788 3503 2000.
817 3452 906 3504 liriair.
931 3452 1006 3505 nedst
1037 3451 1097 3506 dem
1122 3459 1194 3510 Irate·
1244 3447 1341 3518 liquidi
1362 3449 1568 3520 recognitionem
1588 3451 1742 3519 protestari,
1759 3459 1787 3502 et
1805 3451 1991 3520 exceptionem
2014 3469 2066 3506 oon

371 3557 446 3594 resse
464 3556 559 3592 moros
580 3556 612 3592 eta
639 3533 763 3590 bembten
787 3535 927 3606 reddidig.
956 3536 1023 3606 Quis
1041 3555 1094 3590 non
1121 3535 1194 3591 attis·
1245 3535 1297 3586 rite
1316 3534 1422 3588 lormati
1442 3551 1578 3605 processus
1595 3533 1727 3602 objicere,
1746 3550 1778 3585 ue
1797 3551 1856 3588 reus
1874 3541 2066 3602 recognoscen-

371 3619 455 3677 maret
480 3621 623 3690 stringenti
650 3637 719 3672 nexu
745 3617 815 3672 bunc
839 3619 959 3672 libellum
985 3621 1143 3686 cohaerere,
1169 3633 1195 3674 et
1243 3617 1324 3673 doio
1345 3634 1494 3689 processum
1513 3619 1681 3672 executirum
1706 3617 1869 3671 consensisse
1900 3631 2063 3684 censeatur,

368 3705 540 3776 quantitatem
560 3703 599 3755 eei
619 3701 802 3755 controversae
828 3700 970 3756 manifesto
992 3701 1145 3773 designari?
1164 3704 1195 3756 Δ·
1245 3719 1292 3756 neo
1310 3713 1382 3758 actor
1402 3705 1464 3756 iude
1483 3703 1595 3757 muitum
1614 3701 1648 3753 de
1667 3701 1724 3768 iure
1740 3699 1858 3770 quoesito
1876 3700 2012 3753 clamandi
2025 3720 2065 3755 er·

370 3791 429 3844 otor
448 3790 520 3843 euim
539 3789 638 3842 diserte
658 3797 858 3852 commemorat,
878 3804 950 3840 reum
966 3804 1079 3857 rogesae,
1093 3800 1123 3842 ut
1137 3789 1196 3859 ipse
1242 3785 1325 3855 ripiat
1342 3787 1515 3839 occasionem.
1533 3785 1714 3855 Quamquam,
1732 3783 1845 3853 siquod
1864 3799 1907 3837 res
1920 3796 1961 3837 est
1973 3779 2092 3843 niceni

374 3875 455 3927 2000.
476 3873 587 3927 tituletis
605 3871 747 3925 mmltiales
766 3871 801 3922 tt.
819 3873 944 3924 literana
972 3871 1012 3925 tu.
1035 3872 1193 3928 redimeret:
1242 3870 1368 3933 tulimus,
1386 3870 1592 3939 recognitionem
1612 3867 1826 3921 administratori
1846 3882 1938 3922 uwcrs
1960 3889 2017 3925 nou
2034 3893 2063 3926 a·

370 3967 486 4011 actorem
507 3957 535 4010 id
554 3957 726 4030 promisisse:
747 3957 886 4009 redimisse
902 3956 1003 4021 literas,
1022 3971 1116 4026 easque
1133 3975 1193 4010 cum
1243 3951 1374 4020 pluentis·
1392 3951 1485 4022 Neque
1503 3953 1576 4004 euim
1596 3967 1644 4022 per
1664 3949 1732 4004 hauc
1751 3951 1781 4003 iu
1800 3968 1955 4022 processum
1973 3973 2064 4011 exm-

371 4039 499 4111 iuscripta
518 4042 638 4094 cessione
656 4056 700 4092 reo
721 4037 872 4092 tradidisse.
890 4039 1024 4092 Meritone
1039 4039 1122 4108 igitur
1134 4057 1193 4094 reus
1243 4032 1326 4087 tirum
1344 4037 1512 4088 0001005100
1531 4034 1737 4105 0000000000
1756 4046 1882 4100 8111000
1901 4037 1967 4092 itm
1983 4057 2061 4109 pree·

333 4123 504 4195 3102000.
524 4121 1134 4190 tbaleroaactorirestituendosobligabitur?
1160 4124 1194 4176 it
1241 4115 1359 4186 sumptio
1377 4119 1454 4188 plane
1473 4117 1629 4173 verisimilis
1647 4136 1701 4172 uon
1719 4118 1770 4184 sit,
1789 4121 1843 4172 iuro
1862 4125 1949 4194 potius
1976 4126 2078 4193 inere

358 4213 432 4267 'ret-o
450 4209 473 4262 si
493 4208 557 4262 haec
575 4205 663 4260 libelli
682 4203 794 4258 formula
812 4204 895 4272 logice
913 4207 1091 4270 examinetur,
1112 4209 1193 4275 major
1243 4198 1351 4265 dibilie,
1370 4213 1397 4254 et
1415 4219 1491 4254 saure
1511 4203 1627 4268 rationi,
1645 4219 1711 4272 quae
1729 4202 1860 4273 plurimos
1891 4203 2063 4261 defensionis

370 4293 522 4366 propositio
542 4307 611 4344 nexu
630 4288 726 4342 idoneo
743 4287 1004 4342 caret.1.iceteuim
1031 4305 1073 4341 me
1097 4290 1193 4360 aliquis
1243 4284 1271 4336 io
1290 4299 1413 4355 processu
1431 4286 1570 4340 ordinario
1587 4301 1725 4339 concessos
1744 4285 1835 4341 modos
1852 4297 1879 4340 ct
1903 4289 2063 4361 circumspi-

373 4388 456 4448 rnget,
475 4389 502 4431 ut
521 4376 549 4427 in
567 4377 625 4444 ejus
642 4391 719 4426 usum
740 4373 783 4426 bis
802 4372 877 4425 mille
895 4372 1004 4426 tbateeie
1025 4374 1192 4428 cambium·
1242 4383 1300 4420 cere
1319 4379 1347 4421 et
1363 4387 1517 4423 conseruare
1535 4370 1652 4438 integros
1679 4368 1784 4435 suadet,
1811 4371 1887 4441 piane
1915 4377 2061 4429 contrarie,-

373 4462 449 4517 'litio
467 4459 608 4525 redimam,
626 4469 654 4512 et
672 4476 718 4528 ego
738 4457 869 4510 redimens
895 4458 993 4524 etiam,
1019 4459 1137 4512 nondum
1158 4472 1194 4514 ι..
1243 4451 1392 4504 Habebitne
1411 4453 1498 4523 itaque
1517 4453 1567 4506 ista
1586 4452 1732 4522 recognitio
1752 4453 1846 4506 asltem
1879 4455 1963 4509 iustae
1995 4458 2061 4512 sim·

372 4559 435 4596 uren
454 4544 585 4612 sequitur,
604 4558 646 4594 me
665 4542 706 4593 bis
726 4539 799 4593 mille
820 4540 928 4592 thaleeis
947 4540 1112 4596 redemisse.
1138 4541 1191 4594 illi·
1243 4539 1322 4610 plicis
1340 4537 1531 4604 confessionis,
1550 4557 1615 4609 quae
1633 4557 1686 4592 nou
1706 4539 1797 4591 statim
1810 4539 2062 4599 condemnationem

372 4629 433 4682 nori
451 4625 520 4680 forte
537 4642 639 4677 summa
658 4625 754 4678 cedens
774 4622 825 4677 luit
849 4634 1006 4678 contentos.
1031 4628 1104 4680 Hinc
1122 4647 1194 4683 mau-
1242 4621 1338 4688 iniert,
1358 4621 1403 4673 sed
1423 4621 1602 4691 probationem
1624 4623 1808 4691 exceptionum
1827 4622 1994 4680 ordinariam
2014 4629 2060 4681 ad·

373 4711 437 4764 daus
456 4727 510 4764 non
529 4708 562 4761 ad
583 4709 641 4779 pius
659 4721 697 4764 est
713 4707 855 4778 obligatur,
871 4725 947 4777 qnam
968 4719 1097 4778 quantum
1123 4731 1194 4768 man·
1242 4705 1337 4759 mittit.
1358 4704 1570 4756 001ῐο00300ῑο
1589 4720 1621 4755 Εἰ
1647 4703 1866 4759 administratoria
1895 4709 2063 4780 obligatione
2078 4739 2093 4793 g

370 4795 489 4850 deterius
506 4811 597 4848 resera
615 4809 663 4864 pro
683 4792 741 4862 ipsu
758 4792 889 4860 erogarit.
909 4789 996 4861 Quare
1014 4809 1072 4846 cum
1092 4795 1121 4847 in
1151 4813 1192 4850 ec·
1244 4807 1288 4844 sua
1307 4798 1399 4843 nature
1418 4797 1477 4840 suut
1495 4787 1647 4841 ordinariae
1667 4799 1743 4857 atque
1762 4787 1795 4840 ita
1820 4805 2004 4861 nomparrtae,
2034 4809 2065 4852 ut

372 4881 529 4953 probatione
546 4877 578 4931 nd
599 4880 775 4944 iuramentum
794 4875 980 4929 declinandum
998 4888 1071 4931 ector
1096 4895 1196 4948 cogere
1243 4872 1279 4925 ub
1298 4883 1400 4923 mutuas
1418 4881 1583 4940 receptorum
1603 4883 1629 4924 ct
1647 4885 1810 4942 erogatorum
1831 4877 1964 4942 rationes,
1984 4879 2066 4934 licea·

374 4963 513 5020 toriateri
533 4964 613 5018 sede
633 4959 1135 5028 industriarammam,quaeambiom
1156 4981 1195 5016 re·
1247 4959 1310 5010 tiam
1329 4959 1509 5024 jurameutum
1529 4953 1685 5018 deferendi,
1719 4957 1757 5008 sei
1790 4967 1869 5009 testes
1897 4960 2064 5030 producendi

363 5046 511 5112 deminuet,
530 5047 685 5116 exprimere
704 5045 732 5096 in
751 5042 844 5097 libello
874 5044 1005 5109 uoluisse,
1031 5044 1197 5099 obtinuimus
1244 5030 1846 5110 001οῙ00ῐηῠῑῐῑῑυάϋῑίθῑνῦῡὶῑθῖῦῑῡῑ)
1872 5045 2004 5098 vilitatem
2025 5049 2064 5102 rei

374 5133 543 5186 asoabinatu
561 5130 684 5202 lipsiensi
704 5129 873 5199 amplissimo
891 5129 1053 5181 seutentiam
1071 5129 1120 5184 sni
1145 5149 1196 5200 pu·
1244 5124 1458 5178 oboeieritrtem
1479 5140 1532 5176 nou
1551 5140 1654 5194 semper
1679 5125 1793 5194 apoobas
1825 5135 1851 5178 et
1882 5126 2062 5200 documenta,

377 5215 767 5289 ttte.d.t.jnn.ttos.1m
792 5213 904 5282 nirt'gen
932 5212 1065 5282 iringegen
1078 5231 1136 5268 von
1149 5217 1199 5270 der
1245 5209 1341 5280 quibus
1358 5209 1484 5278 deinceps
1504 5209 1664 5280 probentur,
1682 5207 1837 5263 admittunt.
1856 5211 1963 5280 Quanta
1998 5215 2065 5269 ioeet

377 5301 531 5356 srirobenen
552 5297 660 5366 Ktoge,
681 5293 889 5350 inmussensie
913 5295 1061 5360 unirucirt,
1084 5315 1116 5352 zar
1140 5310 1195 5352 eni·
1246 5297 1308 5348 haec
1328 5293 1472 5364 iniquiter,
1490 5305 1585 5364 quanta
1600 5293 1905 5364 inhumanitas,quauta
1920 5297 2061 5367 injustitie,

377 5385 477 5437 iitrden
505 5381 563 5436 und
585 5382 642 5432 iuss
661 5399 693 5432 su
712 5380 813 5432 soliers.
833 5377 865 5431 Et
883 5381 1002 5449 quamria
1026 5392 1098 5434 rotor
1124 5382 1200 5435 lente·
1245 5383 1307 5434 dere
1324 5381 1402 5435 alicui
1421 5380 1559 5452 pecuniam
1577 5379 1609 5431 ad
1627 5377 1828 5450 expendendum
1848 5379 1877 5432 iu
1896 5381 1979 5435 soiius
2003 5383 2063 5434 dan-

379 5469 510 5520 eet'tonern
532 5465 723 5532 interponeret,
742 5465 865 5532 interque
880 5463 948 5530 alia,
966 5463 1062 5516 dtrrnnr
1081 5481 1158 5531 esse,
1174 5486 1199 5520 a·
1248 5465 1283 5517 tis
1302 5466 1462 5528 utilitatem,
1482 5477 1506 5518 et
1525 5463 1653 5530 eamdem,
1673 5474 1811 5533 postquam
1831 5479 1946 5534 expensa
1959 5478 2011 5530 est,
2025 5483 2063 5520 ea·

378 5549 493 5604 ctionem
521 5557 578 5618 post
604 5556 641 5599 tut
668 5547 815 5614 juramenta
842 5547 913 5601 ultro
940 5547 1060 5618 citroque
1088 5548 1199 5620 desuper
1247 5560 1334 5620 petere
1351 5565 1403 5601 oon
1422 5549 1548 5602 admissis
1565 5550 1706 5621 expensis,
1724 5566 1791 5620 quae
1808 5565 1871 5603 sane
1888 5551 1923 5602 ob
1943 5553 2060 5620 negotio-

375 5635 521 5708 praeatita‚
541 5643 567 5686 et
587 5639 647 5701 post
664 5641 781 5684 exactam
801 5632 880 5683 tentia
906 5631 1037 5700 impensis
1066 5635 1198 5702 probatio·
1247 5641 1304 5688 rum
1325 5633 1443 5688 ciuilium
1462 5633 1581 5686 indolem
1601 5650 1653 5686 nou
1671 5641 1780 5704 possunt
1796 5649 1890 5686 omues
1918 5631 2059 5688 documen·

369 5715 441 5778 'uem
459 5728 485 5776 et
504 5713 718 5794 reprobationem
738 5714 769 5798 iu
786 5711 841 5770 doe
858 5731 993 5798 processus
1011 5715 1118 5796 denum
1146 5734 1198 5797 pro
1245 5717 1279 5773 tis
1296 5715 1416 5800 probqri,
1434 5717 1531 5800 blerito
1549 5717 1636 5794 iteque
1654 5715 2012 5794 documentagurrentigtata
2029 5717 2059 5772 iu
