4364 6194
562 343 1416 483 nrsrurarro'ousnra

254 587 1745 724 ououuuouoassuuuors

386 846 390 854 -
490 819 492 824 1
620 767 871 884 ouuoa
923 769 1389 916 saansaan,

761 1015 815 1058 mx
837 1013 897 1058 111.
921 1013 1006 1058 ΜΠ.
1032 1011 1061 1052 Α·
1088 1013 1124 1055 Μ.
1149 1012 1237 1056 DGGX·

886 1201 940 1242 110
957 1191 1106 1240 ΗΗΜῊ

276 1359 480 1434 Jacostts
504 1362 713 1434 GABRIEL
736 1359 897 1450 WOLF,
920 1359 1403 1440 GRYPHlSWALDEllSlS
1427 1362 1718 1442 tumeamus.

723 1615 1264 1682 w

757 1853 1223 1926 PRAEFATIO.

163 2017 302 2188 Ecce
327 2110 385 2185 bic
411 2109 445 2184 b.
472 2111 497 2186 l.
525 2113 784 2188 meditationes
810 2137 906 2188 meas
922 2115 968 2186 de
983 2113 1101 2191 officio
1118 2116 1293 2218 principis
1310 2119 1403 2192 circa
1423 2119 1606 2194 scandala.
1623 2123 1720 2215 Quas
1738 2126 1830 2202 dum

164 2217 333 2318 publicae
359 2212 448 2284 lucis
474 2211 577 2302 facio,
606 2215 849 2286 necessariam
875 2237 950 2286 esse
975 2218 1075 2308 duxi,
1102 2218 1222 2316 paucis
1249 2216 1417 2315 praefari,
1444 2219 1533 2318 quid
1559 2220 1690 2306 iisdem,
1705 2249 1830 2326 propo-

164 2317 315 2404 suerim,
341 2325 377 2384 et
401 2335 496 2409 quae
521 2311 594 2386 fata
618 2312 761 2385 easdem
789 2310 973 2384 habituras
998 2340 1073 2386 esse
1105 2319 1330 2388 existimem.
1365 2319 1434 2413 Egi
1465 2320 1585 2417 primo
1623 2321 1669 2392 de
1701 2337 1829 2396 natura

163 2413 341 2495 scandali,
366 2414 416 2483 ita
443 2412 605 2509 quidem,
631 2425 671 2482 ut
698 2409 814 2483 fontes
838 2411 1000 2512 ejusdem
1028 2419 1212 2512 perspicue
1239 2415 1486 2512 patefecerim,
1513 2431 1621 2514 atque
1645 2420 1756 2495 simul
1772 2447 1832 2498 ve.

165 2539 246 2585 rana
274 2511 453 2582 libertatis
479 2511 705 2606 evangelicae
731 2511 891 2582 indolem
918 2523 1054 2580 sartam
1080 2525 1214 2590 tectam
1242 2539 1454 2586 conservare
1486 2515 1611 2591 sedulo
1642 2517 1828 2595 laborave-

166 2617 251 2685 rim.
279 2613 401 2708 Atque
427 2609 488 2680 bic
513 2611 595 2680 ideo
620 2609 728 2708 paulo
753 2609 924 2710 prolixior
950 2607 1014 2697 sui,
1041 2613 1136 2706 quod
1164 2609 1265 2708 pauci
1295 2613 1404 2708 justos
1429 2637 1469 2682 ea
1495 2617 1533 2683 in
1551 2639 1589 2684 re
1606 2615 1741 2690 limites
1759 2619 1831 2692 col·

165 2710 298 2800 locent,
325 2709 380 2780 bis
407 2707 527 2779 nescio
552 2732 663 2805 quam
690 2709 873 2782 carnalem
894 2704 1172 2780 defendentibus
1191 2707 1411 2797 libertatem,
1432 2709 1506 2781 illis
1525 2725 1650 2783 contra
1669 2715 1831 2816 ad’plus·

164 2834 278 2908 quam
303 2803 455 2903 legalem
482 2812 693 2879 servitutem
721 2805 998 2880 declinantibus.
1026 2807 1169 2906 Subjeci
1197 2808 1328 2880 deinde
1354 2813 1510 2906 potiores
1546 2810 1708 2885 scandali
1734 2817 1830 2888 diri·
1937 2892 1941 2900 ,

163 2913 291 2980 aiones.
319 2909 387 3004 Egi
414 2930 519 3003 porro
544 2906 590 2977 de
615 2905 733 2978 officio
758 2908 936 3006 principis
962 2909 1054 2977 circa
1082 2905 1263 2995 scandala,
1287 2911 1488 3004 generatim
1515 2916 1829 3011 spectata,'atque

163 3007 204 3080 id
230 3016 349 3106 ipsum
376 3027 421 3076 ex
445 3003 564 3077 officio
590 3006 766 3103 principis
790 3009 882 3076 circa
912 3006 1124 3101 religionem
1151 3005 1295 3093 deduxi,
1320 3009 1468 3105 ejusque
1494 3011 1742 3084 necessitatem
1768 3037 1828 3086 va·

164 3109 231 3178 riis
258 3103 458 3178 rationibus
483 3105 666 3194 adstruxi,
697 3105 899 3204 subjunctis
933 3103 1158 3174 cautionibus
1189 3103 1235 3176 ad
1268 3101 1427 3176 officium
1461 3105 1553 3177 illud
1585 3110 1827 3184 exercendum

166 3208 389 3291 necessariis,
413 3205 609 3301 additaque
635 3209 847 3275 tractatione
872 3205 918 3276 de
944 3201 1074 3273 mediis
1100 3202 1181 3274 buic
1208 3203 1272 3274 fini
1299 3202 1488 3301 adaptatis.
1518 3208 1637 3302 Atque
1654 3209 1691 3278 in
1711 3223 1834 3308 postes
1863 3219 1865 3226 ’

167 3305 253 3375 riori
281 3303 349 3376 bac
376 3304 590 3374 tractatione
616 3303 653 3372 in
680 3303 891 3401 disciplinae
917 3301 1188 3389 ecclesiasticae,
1214 3314 1290 3371 tam
1316 3303 1513 3396 generatim
1540 3327 1652 3399 quam
1677 3307 1715 3377 in
1749 3331 1829 3378 se·

164 3403 288 3474 clebus
313 3403 384 3472 suis
409 3403 666 3489 consideratae,
692 3415 861 3474 naturam
887 3413 924 3470 et
951 3398 1145 3470 utilitatem
1172 3402 1221 3470 ita
1248 3401 1436 3496 inquisivi,
1460 3413 1499 3471 ut
1516 3401 1663 3474 tandem
1682 3332 1827 3476 conclu·

166 3503 291 3589 serim,
317 3524 399 3572 eam
426 3502 594 3596 principi,
621 3513 807 3598 tamquam
836 3498 999 3570 medium
1028 3496 1178 3568 tollendi
1206 3498 1388 3585 scandala,
1413 3523 1485 3570 noo
1513 3503 1600 3572 satis
1626 3514 1706 3574 tuto
1729 3527 1827 3576 com·

167 3599 334 3671 mandari
359 3622 471 3696 posse.
496 3599 579 3670 Dixi
608 3602 673 3670 boc
699 3603 736 3670 in
768 3602 897 3697 capite,
922 3603 974 3669 uti
1004 3599 1041 3666 iu
1073 3593 1295 3692 quibusdam
1327 3597 1425 3686 aliis,
1460 3595 1572 3670 libere
1603 3601 1717 3672 animi
1751 3605 1826 3675 mei

168 3701 403 3786 sententiam,
429 3699 596 3785 veritate,
619 3721 662 3768 ex
688 3697 812 3770 solidis
838 3721 959 3768 rerum
987 3697 1211 3792 argumentis
1243 3694 1420 3785 deducta,
1458 3698 1603 3767 nixam.
1638 3698 1825 3775 Praeterea

169 3799 281 3868 etiam
308 3796 482 3868 nonnulla
510 3797 672 3895 exempla
699 3795 926 3896 publicorum
952 3793 1227 3883 scandalorum,
1259 3807 1335 3866 tam
1369 3795 1407 3864 in
1441 3807 1536 3866 statu
1569 3797 1825 3890 ecclesiastico,

169 3919 280 3993 quam
307 3895 466 3993 politico,
491 3893 717 3996 frequentius
741 3895 992 3993 grassantium,
1018 3891 1154 3983 addidi,
1180 3907 1288 3990 atque
1318 3889 1363 3966 ad
1389 3892 1514 3966 eadem
1540 3893 1700 3970 officium
1725 3901 1827 3998 prin·

168 3997 262 4094 cipis
288 3993 467 4092 applicare
492 3997 541 4066 ita
568 3993 703 4084 studui,
729 4009 771 4067 ut
796 3993 913 4068 media
939 3991 1091 4088 singulis
1116 3990 1318 4064 adhibenda
1345 3991 1454 4063 simul
1481 3992 1732 4071 indicaverim·
1760 3999 1828 4070 De.

170 4100 284 4189 nique
309 4097 419 4163 etiam
444 4092 624 4164 coronidis
651 4093 726 4164 loco
751 4092 930 4192 quaedam
958 4092 1003 4161 de
1027 4089 1145 4160 officio
1171 4093 1404 4184 magistratus
1421 4089 1598 4163 inferioris
1615 4093 1707 4166 cirea
1724 4117 1827 4167 scan-

169 4191 256 4264 dala
280 4189 425 4290 subjeci.
456 4191 499 4262 Io
527 4189 698 4262 omnibus
722 4190 981 4264 dissertationis
1006 4187 1169 4258 articulis
1195 4211 1266 4258 non
1299 4201 1375 4258 tam
1410 4191 1680 4280 auctoritatem,
1716 4217 1827 4289 quam

136 4319 139 4326 ·
171 4292 380 4378 veritatem,
403 4287 449 4362 ob
474 4289 592 4362 oculos
618 4288 739 4360 babui.
766 4289 867 4362 Hanc
894 4284 1071 4386 professus
1096 4283 1149 4357 fui
1176 4285 1371 4358 secundum
1397 4301 1543 4385 captum
1569 4311 1690 4360 meum
1715 4294 1827 4363 since-

171 4413 212 4461 re
236 4399 273 4460 et
298 4391 464 4486 ingenue,
487 4387 620 4460 additis
644 4389 768 4477 etiam,
794 4386 856 4461 ubi
881 4411 969 4484 opus
996 4385 1078 4474 soit,
1104 4387 1320 4458 testimoniis
1342 4387 1517 4475 virorum,
1532 4385 1751 4486 plerumque
1768 4414 1829 4462 ex·

173 4491 344 4586 ceptione
370 4492 562 4586 majorum,
588 4501 627 4558 ut
652 4489 696 4557 iis
729 4511 873 4584 quoque
906 4485 1114 4571 satisfieret,
1147 4486 1208 4579 qui
1236 4507 1305 4554 nora
1338 4497 1412 4555 tarn
1447 4485 1536 4580 quid
1568 4485 1733 4578 dicatur,
1762 4489 1828 4562 sed

171 4593 255 4684 quis
280 4585 394 4674 dicat,
417 4588 619 4682 inquirunt.
646 4588 835 4680 Quantum
862 4584 908 4656 ad
932 4581 1017 4668 fata,
1043 4605 1134 4680 quae
1159 4595 1318 4679 expecto,
1347 4583 1468 4680 paucis
1497 4607 1641 4680 quoque
1667 4599 1829 4660 mentem

174 4707 298 4756 meam
325 4685 523 4756 declarabo.
550 4684 693 4755 incidet
719 4682 805 4756 baec
831 4682 1033 4755 dissertatio
1057 4705 1137 4750 mea
1176 4693 1239 4751 aot
1270 4682 1308 4750 in
1341 4704 1470 4752 manus
1501 4685 1736 4779 sapientum,
1765 4699 1828 4757 aut

172 4785 422 4881 insipientum.
450 4783 588 4854 Horum
617 4783 763 4882 judicia,
789 4807 871 4853 com
898 4786 936 4852 in
962 4780 1165 4852 calumnias
1190 4779 1402 4876 degenerare
1428 4779 1643 4878 plerumque
1668 4783 1824 4874 soleant,

170 4905 246 4953 non
271 4905 401 4981 parum
429 4881 573 4970 curabo,
598 4885 667 4954 nisi
693 4883 914 4954 occasionem
940 4877 1271 4977 suppeditaverint,
1296 4879 1413 4950 arrimi
1446 4903 1546 4950 sensa
1582 4880 1731 4952 ulterius
1766 4881 1827 4954 de-

171 4980 346 5052 clarandi.
376 4977 463 5049 Illos
488 4983 640 5052 cannino
667 4981 803 5079 judices
828 4979 1001 5066 admitto,
1026 4989 1063 5048 et
1088 4976 1207 5074 siquid
1231 5003 1314 5049 cum
1339 4979 1474 5050 ratione
1491 4980 1583 5048 circa
1602 4994 1828 5076 praesentem

172 5080 464 5151 dissertationem
490 5081 576 5175 ipsis
604 5081 719 5150 visum
746 5078 856 5150 fuerit
883 5077 940 5151 vel
966 5074 1108 5175 publice
1136 5075 1189 5147 vel
1218 5079 1388 5174 privatim
1417 5101 1578 5166 monere,
1608 5102 1681 5148 non
1706 5080 1827 5154 solum

171 5183 375 5278 gratissimo
393 5177 430 5249 id
451 5178 644 5250 admittam
668 5185 803 5267 animo,
827 5179 887 5248 sed
913 5191 967 5265 et,
993 5175 1052 5247 ubi
1079 5199 1167 5272 opus
1194 5173 1313 5264 faerit,
1334 5175 1380 5247 ad
1408 5175 1631 5247 voluntatem
1651 5179 1825 5274 ipsorum,

171 5279 298 5350 solidis
323 5275 522 5348 rationibus
546 5277 752 5370 subnixam,
777 5276 953 5348 nonnulla
979 5273 1081 5345 facilc
1107 5275 1296 5368 corrigam.
1325 5274 1368 5346 Id
1394 5287 1515 5346 autem
1542 5300 1611 5364 ea,
1650 5302 1721 5374 qna
1761 5303 1826 5376 par

171 5391 239 5466 est,
264 5379 380 5448 animi
409 5377 581 5450 modestia
607 5400 724 5475 posco,
750 5387 791 5450 ut
815 5375 969 5474 quilibet
994 5374 1171 5470 integram
1191 5374 1449 5446 dissertationis
1466 5375 1725 5446 connexionem
1745 5402 1827 5475 per·

173 5482 292 5574 cipere
318 5478 418 5576 prius
444 5474 591 5566 laboret,
618 5501 729 5576 quam
755 5476 800 5548 de
826 5477 890 5548 bac
917 5470 972 5548 vel
999 5471 1059 5544 illa
1087 5483 1190 5570 parte
1215 5472 1389 5572 judicium
1415 5474 1594 5550 instituat.
1611 5473 1720 5548 Ferit
1739 5501 1824 5551 vero

172 5579 281 5664 Deus,
307 5590 346 5650 ut
374 5579 504 5650 veritas
529 5577 639 5652 etiam
666 5577 733 5652 hoe
757 5577 796 5650 iu
824 5577 942 5675 capite
968 5569 1100 5671 ubique
1126 5572 1341 5670 triumphet!
