<?xml version="1.0" encoding="UTF-8"?>
<!DOCTYPE html PUBLIC "-//W3C//DTD XHTML 1.0 Transitional//EN"
    "http://www.w3.org/TR/xhtml1/DTD/xhtml1-transitional.dtd">
<html xmlns="http://www.w3.org/1999/xhtml" xml:lang="en" lang="en">
 <head>
  <title>
</title>
<meta http-equiv="Content-Type" content="text/html;charset=utf-8" />
  <meta name='ocr-system' content='tesseract 3.04.00' />
  <meta name='ocr-capabilities' content='ocr_page ocr_carea ocr_par ocr_line ocrx_word'/>
</head>
<body>
  <div class='ocr_page' id='page_1' title='image "./samuelisstrykii05schogoog_0012.png"; bbox 0 0 4336 6170; ppageno 0'>
   <div class='ocr_carea' id='block_1_1' title="bbox 554 259 1432 358">
    <p class='ocr_par' dir='ltr' id='par_1_1' title="bbox 554 259 1432 358">
     <span class='ocr_line' id='line_1_1' title="bbox 554 259 1432 358; baseline -0.011 0"><span class='ocrx_word' id='word_1_1' title='bbox 554 301 575 358; x_wconf 88' lang='lat' dir='ltr'><strong>e</strong></span> <span class='ocrx_word' id='word_1_2' title='bbox 694 259 699 268; x_wconf 47' lang='lat'><strong>¹</strong></span> <span class='ocrx_word' id='word_1_3' title='bbox 1005 296 1146 352; x_wconf 81' lang='lat' dir='ltr'><strong>ntsncn.</strong></span> <span class='ocrx_word' id='word_1_4' title='bbox 1166 295 1187 348; x_wconf 92' lang='lat'><strong>1.</strong></span> <span class='ocrx_word' id='word_1_5' title='bbox 1206 295 1252 352; x_wconf 80' lang='lat' dir='ltr'><strong>ux</strong></span> <span class='ocrx_word' id='word_1_6' title='bbox 1269 297 1378 355; x_wconf 77' lang='lat' dir='ltr'><strong>nunno</strong></span> <span class='ocrx_word' id='word_1_7' title='bbox 1396 295 1432 350; x_wconf 88' lang='lat' dir='ltr'><strong>u.</strong></span> 
     </span>
    </p>
   </div>
   <div class='ocr_carea' id='block_1_2' title="bbox 262 390 1967 2847">
    <p class='ocr_par' dir='ltr' id='par_1_2' title="bbox 502 390 1952 554">
     <span class='ocr_line' id='line_1_2' title="bbox 537 390 1952 472; baseline 0.001 -22"><span class='ocrx_word' id='word_1_8' title='bbox 537 407 558 461; x_wconf 87' lang='grc' dir='ltr'><strong>ς.</strong></span> <span class='ocrx_word' id='word_1_9' title='bbox 579 399 623 452; x_wconf 76' lang='lat' dir='ltr'><strong>Bi.</strong></span> <span class='ocrx_word' id='word_1_10' title='bbox 641 395 767 468; x_wconf 73' lang='lat' dir='ltr'><strong>Vulgaris</strong></span> <span class='ocrx_word' id='word_1_11' title='bbox 786 390 932 446; x_wconf 78' lang='lat' dir='ltr'><strong>antcttuttn</strong></span> <span class='ocrx_word' id='word_1_12' title='bbox 949 405 1122 464; x_wconf 86' lang='lat' dir='ltr'><strong>nuncupatur,</strong></span> <span class='ocrx_word' id='word_1_13' title='bbox 1139 393 1265 465; x_wconf 81' lang='lat' dir='ltr'><strong>qnoniam</strong></span> <span class='ocrx_word' id='word_1_14' title='bbox 1284 396 1369 450; x_wconf 77' lang='lat' dir='ltr'><strong>cuivis</strong></span> <span class='ocrx_word' id='word_1_15' title='bbox 1385 394 1474 461; x_wconf 82' lang='lat' dir='ltr'><strong>aetati,</strong></span> <span class='ocrx_word' id='word_1_16' title='bbox 1494 403 1519 448; x_wconf 92' lang='lat' dir='ltr'><strong>et</strong></span> <span class='ocrx_word' id='word_1_17' title='bbox 1540 394 1623 450; x_wconf 80' lang='lat' dir='ltr'><strong>cuiuis</strong></span> <span class='ocrx_word' id='word_1_18' title='bbox 1639 392 1745 450; x_wconf 91' lang='lat' dir='ltr'><strong>haeredi</strong></span> <span class='ocrx_word' id='word_1_19' title='bbox 1764 405 1835 469; x_wconf 80' lang='lat' dir='ltr'><strong>epta,</strong></span> <span class='ocrx_word' id='word_1_20' title='bbox 1854 397 1952 472; x_wconf 78' lang='lat' dir='ltr'><strong>sieque</strong></span> 
     </span>
     <span class='ocr_line' id='line_1_3' title="bbox 502 479 1514 554; baseline -0.01 -14"><span class='ocrx_word' id='word_1_21' title='bbox 502 487 669 540; x_wconf 80' lang='lat' dir='ltr'><strong>communior</strong></span> <span class='ocrx_word' id='word_1_22' title='bbox 686 501 763 554; x_wconf 88' lang='lat' dir='ltr'><strong>quam</strong></span> <span class='ocrx_word' id='word_1_23' title='bbox 783 479 932 552; x_wconf 69' lang='lat' dir='ltr'><strong>pupillaris.</strong></span> <span class='ocrx_word' id='word_1_24' title='bbox 1512 548 1514 551; x_wconf 21' lang='grc' dir='ltr'><em>Ι</em></span> 
     </span>
    </p>

    <p class='ocr_par' dir='ltr' id='par_1_3' title="bbox 262 559 1957 735">
     <span class='ocr_line' id='line_1_4' title="bbox 303 559 1957 640; baseline -0.001 -18"><span class='ocrx_word' id='word_1_25' title='bbox 303 565 352 610; x_wconf 72' lang='lat' dir='ltr'><strong>Tit.</strong></span> <span class='ocrx_word' id='word_1_26' title='bbox 377 567 415 614; x_wconf 78' lang='lat'><strong>⁴6·</strong></span> <span class='ocrx_word' id='word_1_27' title='bbox 538 583 559 640; x_wconf 82' lang='grc' dir='ltr'><strong>ς.</strong></span> <span class='ocrx_word' id='word_1_28' title='bbox 577 572 622 623; x_wconf 74' lang='grc'><em>89.</em></span> <span class='ocrx_word' id='word_1_29' title='bbox 638 559 750 640; x_wconf 75' lang='lat' dir='ltr'><strong>Qdando</strong></span> <span class='ocrx_word' id='word_1_30' title='bbox 770 576 845 636; x_wconf 90' lang='lat' dir='ltr'><strong>pater</strong></span> <span class='ocrx_word' id='word_1_31' title='bbox 863 559 922 616; x_wconf 87' lang='lat' dir='ltr'><strong>lilio</strong></span> <span class='ocrx_word' id='word_1_32' title='bbox 940 563 1109 636; x_wconf 81' lang='lat' dir='ltr'><strong>pupillariter</strong></span> <span class='ocrx_word' id='word_1_33' title='bbox 1126 563 1271 628; x_wconf 82' lang='lat' dir='ltr'><strong>substituit,</strong></span> <span class='ocrx_word' id='word_1_34' title='bbox 1292 575 1375 616; x_wconf 85' lang='lat' dir='ltr'><strong>mater</strong></span> <span class='ocrx_word' id='word_1_35' title='bbox 1392 566 1526 636; x_wconf 84' lang='lat' dir='ltr'><strong>querelam</strong></span> <span class='ocrx_word' id='word_1_36' title='bbox 1546 564 1642 618; x_wconf 88' lang='lat' dir='ltr'><strong>habere</strong></span> <span class='ocrx_word' id='word_1_37' title='bbox 1659 563 1767 636; x_wconf 80' lang='lat' dir='ltr'><strong>nequit,</strong></span> <span class='ocrx_word' id='word_1_38' title='bbox 1794 566 1816 622; x_wconf 91' lang='lat' dir='ltr'><strong>ai</strong></span> <span class='ocrx_word' id='word_1_39' title='bbox 1841 568 1957 622; x_wconf 75' lang='lat' dir='ltr'><strong>cactus·</strong></span> 
     </span>
     <span class='ocr_line' id='line_1_5' title="bbox 262 627 1467 735; baseline -0.003 -29"><span class='ocrx_word' id='word_1_40' title='bbox 262 627 481 735; x_wconf 49' lang='lat' dir='ltr'><strong>ssipffifflm‘b&#39;</strong></span> <span class='ocrx_word' id='word_1_41' title='bbox 506 655 553 720; x_wconf 81' lang='lat' dir='ltr'><strong>sit,</strong></span> <span class='ocrx_word' id='word_1_42' title='bbox 571 631 696 725; x_wconf 74' lang='lat' dir='ltr'><strong>quoniam</strong></span> <span class='ocrx_word' id='word_1_43' title='bbox 716 670 768 704; x_wconf 92' lang='lat' dir='ltr'><strong>nou</strong></span> <span class='ocrx_word' id='word_1_44' title='bbox 787 647 858 701; x_wconf 87' lang='lat' dir='ltr'><strong>iilius</strong></span> <span class='ocrx_word' id='word_1_45' title='bbox 877 648 929 700; x_wconf 88' lang='lat' dir='ltr'><strong>sibi</strong></span> <span class='ocrx_word' id='word_1_46' title='bbox 951 657 1139 702; x_wconf 73' lang='lat' dir='ltr'><strong>testamentum</strong></span> <span class='ocrx_word' id='word_1_47' title='bbox 1160 648 1233 714; x_wconf 84' lang='lat' dir='ltr'><strong>iecit,</strong></span> <span class='ocrx_word' id='word_1_48' title='bbox 1253 649 1297 702; x_wconf 89' lang='lat' dir='ltr'><strong>sed</strong></span> <span class='ocrx_word' id='word_1_49' title='bbox 1313 662 1384 718; x_wconf 86' lang='lat' dir='ltr'><strong>pater</strong></span> <span class='ocrx_word' id='word_1_50' title='bbox 1403 651 1467 720; x_wconf 88' lang='lat' dir='ltr'><strong>ipsi.</strong></span> 
     </span>
    </p>

    <p class='ocr_par' dir='ltr' id='par_1_4' title="bbox 381 723 1958 890">
     <span class='ocr_line' id='line_1_6' title="bbox 381 723 1958 808; baseline -0.001 -17"><span class='ocrx_word' id='word_1_51' title='bbox 381 723 386 736; x_wconf 55' lang='lat'>¹</span> <span class='ocrx_word' id='word_1_52' title='bbox 539 745 560 802; x_wconf 83' lang='lat'><strong>§.</strong></span> <span class='ocrx_word' id='word_1_53' title='bbox 580 740 625 790; x_wconf 77' lang='lat'><strong>86.</strong></span> <span class='ocrx_word' id='word_1_54' title='bbox 643 738 777 806; x_wconf 84' lang='lat' dir='ltr'><strong>Quoniam</strong></span> <span class='ocrx_word' id='word_1_55' title='bbox 796 735 837 804; x_wconf 87' lang='lat' dir='ltr'><strong>jus</strong></span> <span class='ocrx_word' id='word_1_56' title='bbox 854 731 1030 788; x_wconf 81' lang='lat' dir='ltr'><strong>substituendi</strong></span> <span class='ocrx_word' id='word_1_57' title='bbox 1049 735 1249 806; x_wconf 82' lang='lat' dir='ltr'><strong>pupillaritera</strong></span> <span class='ocrx_word' id='word_1_58' title='bbox 1270 735 1355 805; x_wconf 86' lang='lat' dir='ltr'><strong>patria</strong></span> <span class='ocrx_word' id='word_1_59' title='bbox 1373 747 1503 806; x_wconf 89' lang='lat' dir='ltr'><strong>potestate</strong></span> <span class='ocrx_word' id='word_1_60' title='bbox 1520 736 1670 808; x_wconf 79' lang='lat' dir='ltr'><strong>dependet,</strong></span> <span class='ocrx_word' id='word_1_61' title='bbox 1692 747 1778 790; x_wconf 80' lang='lat' dir='ltr'><strong>mater</strong></span> <span class='ocrx_word' id='word_1_62' title='bbox 1795 735 1832 790; x_wconf 80' lang='lat' dir='ltr'><strong>its</strong></span> <span class='ocrx_word' id='word_1_63' title='bbox 1851 734 1958 792; x_wconf 80' lang='lat' dir='ltr'><strong>atthali-</strong></span> 
     </span>
     <span class='ocr_line' id='line_1_7' title="bbox 506 824 698 890; baseline 0 -14"><span class='ocrx_word' id='word_1_64' title='bbox 506 835 580 878; x_wconf 90' lang='lat' dir='ltr'><strong>tnere</strong></span> <span class='ocrx_word' id='word_1_65' title='bbox 600 824 698 890; x_wconf 80' lang='lat' dir='ltr'><strong>nequit.</strong></span> 
     </span>
    </p>

    <p class='ocr_par' dir='ltr' id='par_1_5' title="bbox 267 903 1960 1151">
     <span class='ocr_line' id='line_1_8' title="bbox 309 903 1959 978; baseline -0.001 -17"><span class='ocrx_word' id='word_1_66' title='bbox 309 917 359 961; x_wconf 81' lang='lat' dir='ltr'><strong>Tit.</strong></span> <span class='ocrx_word' id='word_1_67' title='bbox 383 917 419 963; x_wconf 82' lang='lat' dir='ltr'><strong>tt.</strong></span> <span class='ocrx_word' id='word_1_68' title='bbox 540 921 559 974; x_wconf 81' lang='grc' dir='ltr'><strong>ς.</strong></span> <span class='ocrx_word' id='word_1_69' title='bbox 579 911 622 961; x_wconf 78' lang='grc'><em>87.</em></span> <span class='ocrx_word' id='word_1_70' title='bbox 643 907 717 960; x_wconf 80' lang='lat' dir='ltr'><strong>Nuda</strong></span> <span class='ocrx_word' id='word_1_71' title='bbox 738 903 870 959; x_wconf 88' lang='lat' dir='ltr'><strong>resocatic</strong></span> <span class='ocrx_word' id='word_1_72' title='bbox 888 905 949 958; x_wconf 90' lang='lat' dir='ltr'><strong>lieet</strong></span> <span class='ocrx_word' id='word_1_73' title='bbox 967 921 1055 960; x_wconf 84' lang='lat' dir='ltr'><strong>curans</strong></span> <span class='ocrx_word' id='word_1_74' title='bbox 1076 906 1164 972; x_wconf 77' lang='lat' dir='ltr'><strong>inlice</strong></span> <span class='ocrx_word' id='word_1_75' title='bbox 1181 911 1226 956; x_wconf 84' lang='lat' dir='ltr'><strong>ant</strong></span> <span class='ocrx_word' id='word_1_76' title='bbox 1243 913 1333 956; x_wconf 85' lang='lat' dir='ltr'><strong>senatu</strong></span> <span class='ocrx_word' id='word_1_77' title='bbox 1353 903 1420 957; x_wconf 84' lang='lat' dir='ltr'><strong>iacta</strong></span> <span class='ocrx_word' id='word_1_78' title='bbox 1439 907 1515 976; x_wconf 89' lang='lat' dir='ltr'><strong>prius</strong></span> <span class='ocrx_word' id='word_1_79' title='bbox 1535 918 1714 964; x_wconf 81' lang='lat' dir='ltr'><strong>testamentum</strong></span> <span class='ocrx_word' id='word_1_80' title='bbox 1743 925 1796 960; x_wconf 88' lang='lat' dir='ltr'><strong>nou</strong></span> <span class='ocrx_word' id='word_1_81' title='bbox 1824 907 1959 978; x_wconf 81' lang='lat' dir='ltr'><strong>rumpit,</strong></span> 
     </span>
     <span class='ocr_line' id='line_1_9' title="bbox 270 979 1958 1055; baseline -0.001 -9"><span class='ocrx_word' id='word_1_82' title='bbox 270 979 437 1038; x_wconf 68' lang='lat' dir='ltr'><strong>Q&#39;“&#39;‘&#39;&#39;‘⁵&#39;&#39;&#39;⁰‘&#39;⁸&#39;³</strong></span> <span class='ocrx_word' id='word_1_83' title='bbox 448 987 481 1022; x_wconf 52' lang='grc' dir='ltr'><strong>’θ’</strong></span> <span class='ocrx_word' id='word_1_84' title='bbox 507 996 559 1047; x_wconf 89' lang='lat' dir='ltr'><strong>nisi</strong></span> <span class='ocrx_word' id='word_1_85' title='bbox 579 1011 665 1046; x_wconf 89' lang='lat' dir='ltr'><strong>coram</strong></span> <span class='ocrx_word' id='word_1_86' title='bbox 686 992 785 1044; x_wconf 68' lang='lat' dir='ltr'><strong>utuntur</strong></span> <span class='ocrx_word' id='word_1_87' title='bbox 804 990 845 1044; x_wconf 83' lang='lat' dir='ltr'><strong>rel</strong></span> <span class='ocrx_word' id='word_1_88' title='bbox 864 989 949 1044; x_wconf 67' lang='lat' dir='ltr'><strong>trihus</strong></span> <span class='ocrx_word' id='word_1_89' title='bbox 969 988 1175 1055; x_wconf 73' lang='lat' dir='ltr'><strong>recubuerunt,</strong></span> <span class='ocrx_word' id='word_1_90' title='bbox 1195 989 1361 1042; x_wconf 86' lang='lat' dir='ltr'><strong>decemninm</strong></span> <span class='ocrx_word' id='word_1_91' title='bbox 1380 1008 1394 1043; x_wconf 88' lang='lat' dir='ltr'><strong>a</strong></span> <span class='ocrx_word' id='word_1_92' title='bbox 1414 990 1577 1046; x_wconf 88' lang='lat' dir='ltr'><strong>coniectione</strong></span> <span class='ocrx_word' id='word_1_93' title='bbox 1597 995 1740 1047; x_wconf 86' lang='lat' dir='ltr'><strong>testamenti</strong></span> <span class='ocrx_word' id='word_1_94' title='bbox 1758 1009 1857 1048; x_wconf 78' lang='lat' dir='ltr'><strong>numer·</strong></span> <span class='ocrx_word' id='word_1_95' title='bbox 1872 995 1958 1046; x_wconf 79' lang='lat' dir='ltr'><strong>siura-</strong></span> 
     </span>
     <span class='ocr_line' id='line_1_10' title="bbox 267 1043 1960 1151; baseline -0.003 -17"><span class='ocrx_word' id='word_1_96' title='bbox 267 1050 376 1148; x_wconf 35' lang='lat'><strong>22:222?</strong></span> <span class='ocrx_word' id='word_1_97' title='bbox 416 1043 484 1100; x_wconf 39' lang='lat' dir='ltr'><em>‘&#39;fi&#39;&#39;</em></span> <span class='ocrx_word' id='word_1_98' title='bbox 508 1080 585 1146; x_wconf 81' lang='lat' dir='ltr'><strong>serit,</strong></span> <span class='ocrx_word' id='word_1_99' title='bbox 603 1097 649 1148; x_wconf 91' lang='lat' dir='ltr'><strong>per</strong></span> <span class='ocrx_word' id='word_1_100' title='bbox 668 1080 687 1132; x_wconf 94' lang='lat' dir='ltr'><strong>l.</strong></span> <span class='ocrx_word' id='word_1_101' title='bbox 699 1079 741 1131; x_wconf 74' lang='lat'><strong>27.</strong></span> <span class='ocrx_word' id='word_1_102' title='bbox 754 1077 822 1131; x_wconf 78' lang='lat' dir='ltr'><strong>ande</strong></span> <span class='ocrx_word' id='word_1_103' title='bbox 835 1076 1013 1144; x_wconf 78' lang='lat' dir='ltr'><strong>testamentis,</strong></span> <span class='ocrx_word' id='word_1_104' title='bbox 1026 1093 1085 1128; x_wconf 86' lang='lat' dir='ltr'><strong>nam</strong></span> <span class='ocrx_word' id='word_1_105' title='bbox 1105 1094 1153 1130; x_wconf 89' lang='lat' dir='ltr'><strong>nee</strong></span> <span class='ocrx_word' id='word_1_106' title='bbox 1173 1085 1356 1129; x_wconf 87' lang='lat' dir='ltr'><strong>testamentum</strong></span> <span class='ocrx_word' id='word_1_107' title='bbox 1377 1078 1446 1130; x_wconf 90' lang='lat' dir='ltr'><strong>inter</strong></span> <span class='ocrx_word' id='word_1_108' title='bbox 1465 1078 1562 1134; x_wconf 86' lang='lat' dir='ltr'><strong>liberos</strong></span> <span class='ocrx_word' id='word_1_109' title='bbox 1581 1083 1694 1134; x_wconf 86' lang='lat' dir='ltr'><strong>reeceeri</strong></span> <span class='ocrx_word' id='word_1_110' title='bbox 1715 1087 1809 1151; x_wconf 86' lang='lat' dir='ltr'><strong>puteat,</strong></span> <span class='ocrx_word' id='word_1_111' title='bbox 1829 1079 1883 1130; x_wconf 89' lang='lat' dir='ltr'><strong>nisi</strong></span> <span class='ocrx_word' id='word_1_112' title='bbox 1903 1091 1960 1148; x_wconf 82' lang='lat' dir='ltr'><strong>per</strong></span> 
     </span>
    </p>

    <p class='ocr_par' dir='ltr' id='par_1_6' title="bbox 507 1161 1874 1230">
     <span class='ocr_line' id='line_1_11' title="bbox 507 1161 1874 1230; baseline -0.002 -11"><span class='ocrx_word' id='word_1_113' title='bbox 507 1165 579 1220; x_wconf 87' lang='lat' dir='ltr'><strong>aliud</strong></span> <span class='ocrx_word' id='word_1_114' title='bbox 601 1175 780 1217; x_wconf 84' lang='lat' dir='ltr'><strong>testamentum</strong></span> <span class='ocrx_word' id='word_1_115' title='bbox 800 1161 953 1216; x_wconf 84' lang='lat' dir='ltr'><strong>solemniter</strong></span> <span class='ocrx_word' id='word_1_116' title='bbox 972 1179 1002 1214; x_wconf 89' lang='lat' dir='ltr'><strong>sc</strong></span> <span class='ocrx_word' id='word_1_117' title='bbox 1018 1161 1139 1230; x_wconf 71' lang='lat' dir='ltr'><strong>legitime</strong></span> <span class='ocrx_word' id='word_1_118' title='bbox 1157 1161 1303 1226; x_wconf 78' lang='lat' dir='ltr'><strong>conditum,</strong></span> <span class='ocrx_word' id='word_1_119' title='bbox 1323 1179 1372 1230; x_wconf 83' lang='lat' dir='ltr'><strong>qna</strong></span> <span class='ocrx_word' id='word_1_120' title='bbox 1391 1164 1419 1215; x_wconf 94' lang='lat' dir='ltr'><strong>in</strong></span> <span class='ocrx_word' id='word_1_121' title='bbox 1437 1181 1467 1216; x_wconf 89' lang='lat' dir='ltr'><strong>en</strong></span> <span class='ocrx_word' id='word_1_122' title='bbox 1485 1176 1624 1218; x_wconf 81' lang='lat' dir='ltr'><strong>extraneus</strong></span> <span class='ocrx_word' id='word_1_123' title='bbox 1643 1177 1710 1219; x_wconf 88' lang='lat' dir='ltr'><strong>esset</strong></span> <span class='ocrx_word' id='word_1_124' title='bbox 1728 1163 1874 1216; x_wconf 85' lang='lat' dir='ltr'><strong>institutus.</strong></span> 
     </span>
    </p>

    <p class='ocr_par' dir='ltr' id='par_1_7' title="bbox 510 1243 1962 1490">
     <span class='ocr_line' id='line_1_12' title="bbox 544 1243 1960 1320; baseline -0.001 -21"><span class='ocrx_word' id='word_1_125' title='bbox 544 1251 566 1317; x_wconf 89' lang='lat'><strong>§.</strong></span> <span class='ocrx_word' id='word_1_126' title='bbox 597 1250 641 1300; x_wconf 78' lang='lat'><strong>⁸8.</strong></span> <span class='ocrx_word' id='word_1_127' title='bbox 669 1249 698 1301; x_wconf 86' lang='lat' dir='ltr'><strong>Si</strong></span> <span class='ocrx_word' id='word_1_128' title='bbox 726 1249 787 1316; x_wconf 75' lang='lat' dir='ltr'><strong>quta</strong></span> <span class='ocrx_word' id='word_1_129' title='bbox 814 1257 1000 1299; x_wconf 84' lang='lat' dir='ltr'><strong>tetamentum</strong></span> <span class='ocrx_word' id='word_1_130' title='bbox 1027 1262 1084 1300; x_wconf 89' lang='lat' dir='ltr'><strong>cnm</strong></span> <span class='ocrx_word' id='word_1_131' title='bbox 1111 1249 1225 1300; x_wconf 82' lang='lat' dir='ltr'><strong>clausula</strong></span> <span class='ocrx_word' id='word_1_132' title='bbox 1250 1247 1412 1316; x_wconf 76' lang='lat' dir='ltr'><strong>derogatoria</strong></span> <span class='ocrx_word' id='word_1_133' title='bbox 1438 1246 1555 1314; x_wconf 81' lang='lat' dir='ltr'><strong>iecisset,</strong></span> <span class='ocrx_word' id='word_1_134' title='bbox 1580 1250 1648 1320; x_wconf 90' lang='lat' dir='ltr'><strong>qnod</strong></span> <span class='ocrx_word' id='word_1_135' title='bbox 1675 1250 1697 1303; x_wconf 87' lang='lat' dir='ltr'><strong>si</strong></span> <span class='ocrx_word' id='word_1_136' title='bbox 1721 1246 1793 1302; x_wconf 89' lang='lat' dir='ltr'><strong>aliud</strong></span> <span class='ocrx_word' id='word_1_137' title='bbox 1817 1265 1896 1318; x_wconf 77' lang='lat' dir='ltr'><strong>qusm</strong></span> <span class='ocrx_word' id='word_1_138' title='bbox 1926 1243 1960 1297; x_wconf 89' lang='lat' dir='ltr'><strong>id</strong></span> 
     </span>
     <span class='ocr_line' id='line_1_13' title="bbox 510 1332 1962 1400; baseline -0.001 -12"><span class='ocrx_word' id='word_1_139' title='bbox 510 1337 633 1388; x_wconf 89' lang='lat' dir='ltr'><strong>conderet</strong></span> <span class='ocrx_word' id='word_1_140' title='bbox 659 1343 852 1396; x_wconf 83' lang='lat' dir='ltr'><strong>teststnentnsn,</strong></span> <span class='ocrx_word' id='word_1_141' title='bbox 878 1349 931 1384; x_wconf 89' lang='lat' dir='ltr'><strong>nou</strong></span> <span class='ocrx_word' id='word_1_142' title='bbox 955 1332 1018 1384; x_wconf 89' lang='lat' dir='ltr'><strong>relit</strong></span> <span class='ocrx_word' id='word_1_143' title='bbox 1044 1333 1139 1396; x_wconf 78' lang='lat' dir='ltr'><strong>eslere,</strong></span> <span class='ocrx_word' id='word_1_144' title='bbox 1163 1335 1185 1385; x_wconf 89' lang='lat' dir='ltr'><strong>si</strong></span> <span class='ocrx_word' id='word_1_145' title='bbox 1214 1342 1301 1384; x_wconf 85' lang='lat' dir='ltr'><strong>tamen</strong></span> <span class='ocrx_word' id='word_1_146' title='bbox 1326 1332 1507 1400; x_wconf 85' lang='lat' dir='ltr'><strong>condidisset,</strong></span> <span class='ocrx_word' id='word_1_147' title='bbox 1528 1336 1600 1388; x_wconf 90' lang='lat' dir='ltr'><strong>eliud</strong></span> <span class='ocrx_word' id='word_1_148' title='bbox 1627 1337 1735 1387; x_wconf 86' lang='lat' dir='ltr'><strong>solenne</strong></span> <span class='ocrx_word' id='word_1_149' title='bbox 1754 1349 1806 1386; x_wconf 92' lang='lat' dir='ltr'><strong>nou</strong></span> <span class='ocrx_word' id='word_1_150' title='bbox 1833 1335 1935 1386; x_wconf 71' lang='lat' dir='ltr'><strong>sciere(</strong></span> <span class='ocrx_word' id='word_1_151' title='bbox 1950 1369 1962 1398; x_wconf 84' lang='lat'>‚</span> 
     </span>
     <span class='ocr_line' id='line_1_14' title="bbox 511 1417 1958 1490; baseline -0.003 -15"><span class='ocrx_word' id='word_1_152' title='bbox 511 1422 562 1475; x_wconf 88' lang='lat' dir='ltr'><strong>uisi</strong></span> <span class='ocrx_word' id='word_1_153' title='bbox 592 1422 618 1471; x_wconf 91' lang='lat' dir='ltr'><strong>in</strong></span> <span class='ocrx_word' id='word_1_154' title='bbox 642 1421 730 1490; x_wconf 87' lang='lat' dir='ltr'><strong>specie</strong></span> <span class='ocrx_word' id='word_1_155' title='bbox 751 1419 891 1472; x_wconf 81' lang='lat' dir='ltr'><strong>clausulam</strong></span> <span class='ocrx_word' id='word_1_156' title='bbox 915 1419 991 1470; x_wconf 80' lang='lat' dir='ltr'><strong>istanc</strong></span> <span class='ocrx_word' id='word_1_157' title='bbox 1017 1417 1205 1489; x_wconf 63' lang='lat' dir='ltr'><strong>denegaturum</strong></span> <span class='ocrx_word' id='word_1_158' title='bbox 1226 1419 1253 1469; x_wconf 89' lang='lat' dir='ltr'><strong>in</strong></span> <span class='ocrx_word' id='word_1_159' title='bbox 1274 1437 1305 1472; x_wconf 89' lang='lat' dir='ltr'><strong>eo</strong></span> <span class='ocrx_word' id='word_1_160' title='bbox 1322 1431 1463 1485; x_wconf 79' lang='lat' dir='ltr'><strong>revocaret,</strong></span> <span class='ocrx_word' id='word_1_161' title='bbox 1482 1437 1531 1490; x_wconf 90' lang='lat' dir='ltr'><strong>per</strong></span> <span class='ocrx_word' id='word_1_162' title='bbox 1547 1421 1565 1472; x_wconf 86' lang='lat' dir='ltr'><strong>l·</strong></span> <span class='ocrx_word' id='word_1_163' title='bbox 1585 1420 1629 1472; x_wconf 70' lang='lat'><strong>22.</strong></span> <span class='ocrx_word' id='word_1_164' title='bbox 1646 1419 1673 1472; x_wconf 89' lang='lat' dir='ltr'><strong>in</strong></span> <span class='ocrx_word' id='word_1_165' title='bbox 1691 1437 1732 1490; x_wconf 89' lang='lat' dir='ltr'><strong>pr.</strong></span> <span class='ocrx_word' id='word_1_166' title='bbox 1742 1417 1784 1488; x_wconf 98' lang='grc' dir='ltr'><strong>Ι.</strong></span> <span class='ocrx_word' id='word_1_167' title='bbox 1802 1417 1836 1471; x_wconf 85' lang='lat' dir='ltr'><strong>de</strong></span> <span class='ocrx_word' id='word_1_168' title='bbox 1853 1419 1904 1486; x_wconf 71' lang='lat' dir='ltr'><strong>leg.</strong></span> <span class='ocrx_word' id='word_1_169' title='bbox 1927 1419 1958 1469; x_wconf 78' lang='lat'><strong>³.</strong></span> 
     </span>
    </p>

    <p class='ocr_par' dir='ltr' id='par_1_8' title="bbox 270 1504 1959 1676">
     <span class='ocr_line' id='line_1_15' title="bbox 313 1504 1959 1579; baseline 0.002 -24"><span class='ocrx_word' id='word_1_170' title='bbox 313 1511 361 1555; x_wconf 80' lang='lat' dir='ltr'><strong>Ttt.</strong></span> <span class='ocrx_word' id='word_1_171' title='bbox 388 1505 426 1554; x_wconf 80' lang='grc'><em>40.</em></span> <span class='ocrx_word' id='word_1_172' title='bbox 548 1514 568 1570; x_wconf 76' lang='grc' dir='ltr'><strong>ς.</strong></span> <span class='ocrx_word' id='word_1_173' title='bbox 587 1507 632 1557; x_wconf 86' lang='grc'><strong>99.</strong></span> <span class='ocrx_word' id='word_1_174' title='bbox 651 1506 704 1576; x_wconf 85' lang='lat' dir='ltr'><strong>Qui</strong></span> <span class='ocrx_word' id='word_1_175' title='bbox 718 1507 825 1558; x_wconf 88' lang='lat' dir='ltr'><strong>numine</strong></span> <span class='ocrx_word' id='word_1_176' title='bbox 839 1504 927 1558; x_wconf 90' lang='lat' dir='ltr'><strong>alieno</strong></span> <span class='ocrx_word' id='word_1_177' title='bbox 938 1512 983 1557; x_wconf 85' lang='lat' dir='ltr'><strong>aut</strong></span> <span class='ocrx_word' id='word_1_178' title='bbox 995 1506 1111 1557; x_wconf 85' lang='lat' dir='ltr'><strong>muueris</strong></span> <span class='ocrx_word' id='word_1_179' title='bbox 1127 1505 1282 1559; x_wconf 69' lang='lat' dir='ltr'><strong>eremssitate</strong></span> <span class='ocrx_word' id='word_1_180' title='bbox 1295 1505 1385 1560; x_wconf 81' lang='lat' dir='ltr'><strong>duclus</strong></span> <span class='ocrx_word' id='word_1_181' title='bbox 1403 1517 1585 1560; x_wconf 82' lang='lat' dir='ltr'><strong>testamentum</strong></span> <span class='ocrx_word' id='word_1_182' title='bbox 1604 1507 1687 1579; x_wconf 81' lang='lat' dir='ltr'><strong>petris</strong></span> <span class='ocrx_word' id='word_1_183' title='bbox 1704 1507 1876 1578; x_wconf 76' lang='lat' dir='ltr'><strong>approbarit,</strong></span> <span class='ocrx_word' id='word_1_184' title='bbox 1893 1505 1959 1576; x_wconf 79' lang='lat' dir='ltr'><strong>juei</strong></span> 
     </span>
     <span class='ocr_line' id='line_1_16' title="bbox 270 1571 1581 1676; baseline -0.001 -30"><span class='ocrx_word' id='word_1_185' title='bbox 270 1573 304 1616; x_wconf 63' lang='lat'><strong>⁰³</strong></span> <span class='ocrx_word' id='word_1_186' title='bbox 315 1571 439 1676; x_wconf 54' lang='lat' dir='ltr'><strong>suppetam</strong></span> <span class='ocrx_word' id='word_1_187' title='bbox 455 1579 488 1614; x_wconf 73' lang='lat'><strong>‘⁶&#39;</strong></span> <span class='ocrx_word' id='word_1_188' title='bbox 511 1611 558 1646; x_wconf 90' lang='lat' dir='ltr'><strong>suo</strong></span> <span class='ocrx_word' id='word_1_189' title='bbox 573 1593 740 1644; x_wconf 66' lang='lat' dir='ltr'><strong>renunciasse</strong></span> <span class='ocrx_word' id='word_1_190' title='bbox 754 1608 805 1644; x_wconf 90' lang='lat' dir='ltr'><strong>nun</strong></span> <span class='ocrx_word' id='word_1_191' title='bbox 819 1591 949 1654; x_wconf 82' lang='lat' dir='ltr'><strong>creditur,</strong></span> <span class='ocrx_word' id='word_1_192' title='bbox 963 1587 1008 1644; x_wconf 90' lang='lat' dir='ltr'><strong>sed</strong></span> <span class='ocrx_word' id='word_1_193' title='bbox 1022 1590 1197 1642; x_wconf 86' lang='lat' dir='ltr'><strong>nihilominus</strong></span> <span class='ocrx_word' id='word_1_194' title='bbox 1208 1592 1338 1660; x_wconf 71' lang='lat' dir='ltr'><strong>querelam</strong></span> <span class='ocrx_word' id='word_1_195' title='bbox 1357 1593 1495 1646; x_wconf 87' lang='lat' dir='ltr'><strong>instituere</strong></span> <span class='ocrx_word' id='word_1_196' title='bbox 1508 1593 1581 1646; x_wconf 82' lang='lat' dir='ltr'><strong>salet.</strong></span> 
     </span>
    </p>

    <p class='ocr_par' dir='ltr' id='par_1_9' title="bbox 380 1665 1961 1832">
     <span class='ocr_line' id='line_1_17' title="bbox 380 1665 1961 1752; baseline 0.004 -25"><span class='ocrx_word' id='word_1_197' title='bbox 380 1665 385 1678; x_wconf 86' lang='lat'>&#39;</span> <span class='ocrx_word' id='word_1_198' title='bbox 547 1683 570 1740; x_wconf 78' lang='grc' dir='ltr'><strong>ς.</strong></span> <span class='ocrx_word' id='word_1_199' title='bbox 589 1676 632 1728; x_wconf 89' lang='grc'><strong>90.</strong></span> <span class='ocrx_word' id='word_1_200' title='bbox 652 1677 782 1744; x_wconf 79' lang='lat' dir='ltr'><strong>Quoniam</strong></span> <span class='ocrx_word' id='word_1_201' title='bbox 803 1677 872 1744; x_wconf 82' lang='lat' dir='ltr'><strong>juste</strong></span> <span class='ocrx_word' id='word_1_202' title='bbox 888 1675 1077 1730; x_wconf 80' lang='lat' dir='ltr'><strong>exhaeredatus</strong></span> <span class='ocrx_word' id='word_1_203' title='bbox 1095 1693 1143 1746; x_wconf 84' lang='lat' dir='ltr'><strong>pro</strong></span> <span class='ocrx_word' id='word_1_204' title='bbox 1162 1686 1265 1730; x_wconf 80' lang='lat' dir='ltr'><strong>mortun</strong></span> <span class='ocrx_word' id='word_1_205' title='bbox 1291 1677 1399 1730; x_wconf 85' lang='lat' dir='ltr'><strong>habetes</strong></span> <span class='ocrx_word' id='word_1_206' title='bbox 1427 1673 1867 1752; x_wconf 71' lang='lat' dir='ltr'><strong>l.1.i.ii.ffideconjungendis</strong></span> <span class='ocrx_word' id='word_1_207' title='bbox 1890 1696 1961 1735; x_wconf 83' lang='lat' dir='ltr'><strong>cuns</strong></span> 
     </span>
     <span class='ocr_line' id='line_1_18' title="bbox 514 1759 1689 1832; baseline -0.002 -15"><span class='ocrx_word' id='word_1_208' title='bbox 514 1761 679 1832; x_wconf 81' lang='lat' dir='ltr'><strong>emuracipoto</strong></span> <span class='ocrx_word' id='word_1_209' title='bbox 691 1761 793 1816; x_wconf 78' lang='lat' dir='ltr'><strong>liberis.</strong></span> <span class='ocrx_word' id='word_1_210' title='bbox 809 1759 963 1830; x_wconf 71' lang='lat' dir='ltr'><strong>Legitimam</strong></span> <span class='ocrx_word' id='word_1_211' title='bbox 982 1777 1031 1829; x_wconf 88' lang='lat' dir='ltr'><strong>pro</strong></span> <span class='ocrx_word' id='word_1_212' title='bbox 1051 1778 1161 1814; x_wconf 85' lang='lat' dir='ltr'><strong>numeru</strong></span> <span class='ocrx_word' id='word_1_213' title='bbox 1180 1761 1322 1814; x_wconf 88' lang='lat' dir='ltr'><strong>liberorum</strong></span> <span class='ocrx_word' id='word_1_214' title='bbox 1344 1779 1390 1814; x_wconf 89' lang='lat' dir='ltr'><strong>nen</strong></span> <span class='ocrx_word' id='word_1_215' title='bbox 1409 1772 1500 1828; x_wconf 66' lang='lat' dir='ltr'><strong>anget,</strong></span> <span class='ocrx_word' id='word_1_216' title='bbox 1519 1779 1567 1815; x_wconf 88' lang='lat' dir='ltr'><strong>nen</strong></span> <span class='ocrx_word' id='word_1_217' title='bbox 1586 1762 1689 1817; x_wconf 84' lang='lat' dir='ltr'><strong>minuit.</strong></span> 
     </span>
    </p>

    <p class='ocr_par' dir='ltr' id='par_1_10' title="bbox 273 1844 1961 1999">
     <span class='ocr_line' id='line_1_19' title="bbox 317 1844 1961 1921; baseline 0.002 -21"><span class='ocrx_word' id='word_1_218' title='bbox 317 1868 364 1912; x_wconf 77' lang='lat' dir='ltr'><strong>Tit.</strong></span> <span class='ocrx_word' id='word_1_219' title='bbox 390 1865 427 1912; x_wconf 72' lang='lat'><strong>49,</strong></span> <span class='ocrx_word' id='word_1_220' title='bbox 546 1850 557 1903; x_wconf 80' lang='lat' dir='ltr'>S</span> <span class='ocrx_word' id='word_1_221' title='bbox 585 1849 629 1900; x_wconf 91' lang='grc'><strong>91.</strong></span> <span class='ocrx_word' id='word_1_222' title='bbox 649 1847 695 1901; x_wconf 85' lang='lat' dir='ltr'><strong>Sui</strong></span> <span class='ocrx_word' id='word_1_223' title='bbox 714 1857 742 1898; x_wconf 95' lang='lat' dir='ltr'><strong>et</strong></span> <span class='ocrx_word' id='word_1_224' title='bbox 760 1847 899 1898; x_wconf 85' lang='lat' dir='ltr'><strong>necessarii</strong></span> <span class='ocrx_word' id='word_1_225' title='bbox 919 1844 1042 1898; x_wconf 88' lang='lat' dir='ltr'><strong>haeredes</strong></span> <span class='ocrx_word' id='word_1_226' title='bbox 1061 1845 1088 1898; x_wconf 91' lang='lat' dir='ltr'><strong>iu</strong></span> <span class='ocrx_word' id='word_1_227' title='bbox 1109 1847 1192 1911; x_wconf 66' lang='lat' dir='ltr'><strong>puteis</strong></span> <span class='ocrx_word' id='word_1_228' title='bbox 1213 1855 1341 1916; x_wconf 86' lang='lat' dir='ltr'><strong>potestate</strong></span> <span class='ocrx_word' id='word_1_229' title='bbox 1357 1857 1384 1898; x_wconf 91' lang='lat' dir='ltr'><strong>et</strong></span> <span class='ocrx_word' id='word_1_230' title='bbox 1404 1846 1484 1915; x_wconf 88' lang='lat' dir='ltr'><strong>primi</strong></span> <span class='ocrx_word' id='word_1_231' title='bbox 1503 1845 1584 1914; x_wconf 71' lang='lat' dir='ltr'><strong>gradu</strong></span> <span class='ocrx_word' id='word_1_232' title='bbox 1607 1865 1666 1902; x_wconf 86' lang='lat' dir='ltr'><strong>esse</strong></span> <span class='ocrx_word' id='word_1_233' title='bbox 1688 1847 1861 1921; x_wconf 69' lang='lat' dir='ltr'><strong>deheuthul</strong></span> <span class='ocrx_word' id='word_1_234' title='bbox 1890 1849 1961 1903; x_wconf 77' lang='lat' dir='ltr'><strong>effe·</strong></span> 
     </span>
     <span class='ocr_line' id='line_1_20' title="bbox 273 1925 1603 1999; baseline -0.004 -12"><span class='ocrx_word' id='word_1_235' title='bbox 273 1931 308 1973; x_wconf 69' lang='lat' dir='ltr'><strong>D‘</strong></span> <span class='ocrx_word' id='word_1_236' title='bbox 320 1930 491 1987; x_wconf 68' lang='lat' dir='ltr'><strong>tuendumqu-</strong></span> <span class='ocrx_word' id='word_1_237' title='bbox 515 1942 573 1986; x_wconf 87' lang='lat' dir='ltr'><strong>ctus</strong></span> <span class='ocrx_word' id='word_1_238' title='bbox 592 1931 697 1984; x_wconf 88' lang='lat' dir='ltr'><strong>suitatis</strong></span> <span class='ocrx_word' id='word_1_239' title='bbox 717 1929 854 1988; x_wconf 81' lang='lat' dir='ltr'><strong>remansit,</strong></span> <span class='ocrx_word' id='word_1_240' title='bbox 873 1928 934 1982; x_wconf 88' lang='lat' dir='ltr'><strong>licet</strong></span> <span class='ocrx_word' id='word_1_241' title='bbox 952 1925 1084 1981; x_wconf 81' lang='lat' dir='ltr'><strong>beneflcio</strong></span> <span class='ocrx_word' id='word_1_242' title='bbox 1102 1932 1234 1999; x_wconf 82' lang='lat' dir='ltr'><strong>praetoris</strong></span> <span class='ocrx_word' id='word_1_243' title='bbox 1253 1930 1363 1982; x_wconf 82' lang='lat' dir='ltr'><strong>hshcant</strong></span> <span class='ocrx_word' id='word_1_244' title='bbox 1383 1931 1424 1996; x_wconf 77' lang='lat' dir='ltr'><strong>ius</strong></span> <span class='ocrx_word' id='word_1_245' title='bbox 1441 1929 1603 1982; x_wconf 89' lang='lat' dir='ltr'><strong>abstinendi.</strong></span> 
     </span>
    </p>

    <p class='ocr_par' dir='ltr' id='par_1_11' title="bbox 273 1993 1966 2301">
     <span class='ocr_line' id='line_1_21' title="bbox 273 1993 1966 2088; baseline 0.004 -22"><span class='ocrx_word' id='word_1_246' title='bbox 273 1993 305 2036; x_wconf 66' lang='grc' dir='ltr'><strong>Ἰ·</strong></span> <span class='ocrx_word' id='word_1_247' title='bbox 317 1993 488 2049; x_wconf 49' lang='lat' dir='ltr'><strong>“mmm</strong></span> <span class='ocrx_word' id='word_1_248' title='bbox 550 2025 572 2080; x_wconf 79' lang='grc' dir='ltr'><em>ς.</em></span> <span class='ocrx_word' id='word_1_249' title='bbox 592 2016 637 2067; x_wconf 74' lang='grc'><strong>92.</strong></span> <span class='ocrx_word' id='word_1_250' title='bbox 653 2019 745 2070; x_wconf 77' lang='lat' dir='ltr'><strong>iurata</strong></span> <span class='ocrx_word' id='word_1_251' title='bbox 764 2008 926 2082; x_wconf 78' lang='lat' dir='ltr'><strong>specificatio</strong></span> <span class='ocrx_word' id='word_1_252' title='bbox 943 2011 1022 2066; x_wconf 88' lang='lat' dir='ltr'><strong>hodie</strong></span> <span class='ocrx_word' id='word_1_253' title='bbox 1039 2015 1109 2067; x_wconf 87' lang='lat' dir='ltr'><strong>sicea</strong></span> <span class='ocrx_word' id='word_1_254' title='bbox 1127 2015 1252 2068; x_wconf 85' lang='lat' dir='ltr'><strong>solemnia</strong></span> <span class='ocrx_word' id='word_1_255' title='bbox 1270 2016 1411 2070; x_wconf 71' lang='lat' dir='ltr'><strong>inventarii</strong></span> <span class='ocrx_word' id='word_1_256' title='bbox 1430 2015 1516 2068; x_wconf 83' lang='lat' dir='ltr'><strong>habet.</strong></span> <span class='ocrx_word' id='word_1_257' title='bbox 1535 2015 1566 2067; x_wconf 83' lang='lat' dir='ltr'><strong>Et</strong></span> <span class='ocrx_word' id='word_1_258' title='bbox 1587 2015 1677 2069; x_wconf 73' lang='lat' dir='ltr'><strong>haeres</strong></span> <span class='ocrx_word' id='word_1_259' title='bbox 1702 2015 1822 2086; x_wconf 74' lang='lat' dir='ltr'><strong>saepius,</strong></span> <span class='ocrx_word' id='word_1_260' title='bbox 1839 2034 1966 2088; x_wconf 74' lang='lat' dir='ltr'><strong>praeser-</strong></span> 
     </span>
     <span class='ocr_line' id='line_1_22' title="bbox 517 2094 1895 2169; baseline 0.001 -15"><span class='ocrx_word' id='word_1_261' title='bbox 517 2103 564 2154; x_wconf 89' lang='lat' dir='ltr'><strong>tim</strong></span> <span class='ocrx_word' id='word_1_262' title='bbox 586 2102 701 2152; x_wconf 88' lang='lat' dir='ltr'><strong>moribus</strong></span> <span class='ocrx_word' id='word_1_263' title='bbox 720 2101 862 2164; x_wconf 75' lang='lat' dir='ltr'><strong>saxonicis,</strong></span> <span class='ocrx_word' id='word_1_264' title='bbox 880 2117 938 2152; x_wconf 85' lang='lat' dir='ltr'><strong>cum</strong></span> <span class='ocrx_word' id='word_1_265' title='bbox 958 2116 996 2164; x_wconf 82' lang='lat' dir='ltr'><strong>ea,</strong></span> <span class='ocrx_word' id='word_1_266' title='bbox 1015 2099 1100 2169; x_wconf 83' lang='lat' dir='ltr'><strong>elspsu</strong></span> <span class='ocrx_word' id='word_1_267' title='bbox 1119 2101 1204 2168; x_wconf 88' lang='lat' dir='ltr'><strong>spatio</strong></span> <span class='ocrx_word' id='word_1_268' title='bbox 1223 2101 1333 2152; x_wconf 85' lang='lat' dir='ltr'><strong>solemni</strong></span> <span class='ocrx_word' id='word_1_269' title='bbox 1353 2100 1528 2153; x_wconf 82' lang='lat' dir='ltr'><strong>inventarium</strong></span> <span class='ocrx_word' id='word_1_270' title='bbox 1548 2094 1895 2166; x_wconf 56' lang='lat' dir='ltr'><strong>circumciduntur.</strong></span> 
     </span>
     <span class='ocr_line' id='line_1_23' title="bbox 274 2181 1965 2301; baseline 0.003 -64"><span class='ocrx_word' id='word_1_271' title='bbox 274 2255 297 2301; x_wconf 63' lang='lat' dir='ltr'><em>B</em></span> <span class='ocrx_word' id='word_1_272' title='bbox 316 2195 356 2299; x_wconf 59' lang='lat' dir='ltr'><strong>&#39;pit</strong></span> <span class='ocrx_word' id='word_1_273' title='bbox 388 2189 429 2238; x_wconf 86' lang='grc'><strong>20.</strong></span> <span class='ocrx_word' id='word_1_274' title='bbox 554 2196 573 2250; x_wconf 75' lang='grc' dir='ltr'><strong>ς.</strong></span> <span class='ocrx_word' id='word_1_275' title='bbox 592 2188 637 2239; x_wconf 82' lang='grc'><strong>99.</strong></span> <span class='ocrx_word' id='word_1_276' title='bbox 656 2187 769 2256; x_wconf 82' lang='lat' dir='ltr'><strong>Quando</strong></span> <span class='ocrx_word' id='word_1_277' title='bbox 788 2196 893 2241; x_wconf 81' lang='lat' dir='ltr'><strong>lettstor</strong></span> <span class='ocrx_word' id='word_1_278' title='bbox 912 2185 1026 2254; x_wconf 74' lang='lat' dir='ltr'><strong>legatum</strong></span> <span class='ocrx_word' id='word_1_279' title='bbox 1045 2181 1119 2238; x_wconf 82' lang='lat' dir='ltr'><strong>sirus</strong></span> <span class='ocrx_word' id='word_1_280' title='bbox 1138 2184 1258 2249; x_wconf 76' lang='lat' dir='ltr'><strong>exsoluit,</strong></span> <span class='ocrx_word' id='word_1_281' title='bbox 1277 2187 1362 2238; x_wconf 86' lang='lat' dir='ltr'><strong>serios</strong></span> <span class='ocrx_word' id='word_1_282' title='bbox 1380 2183 1486 2236; x_wconf 84' lang='lat' dir='ltr'><strong>sinuatio</strong></span> <span class='ocrx_word' id='word_1_283' title='bbox 1507 2185 1577 2236; x_wconf 87' lang='lat' dir='ltr'><strong>inter</strong></span> <span class='ocrx_word' id='word_1_284' title='bbox 1594 2185 1665 2238; x_wconf 77' lang='lat' dir='ltr'><strong>sirus</strong></span> <span class='ocrx_word' id='word_1_285' title='bbox 1683 2193 1741 2250; x_wconf 77' lang='lat' dir='ltr'><strong>est,</strong></span> <span class='ocrx_word' id='word_1_286' title='bbox 1757 2205 1835 2257; x_wconf 88' lang='lat' dir='ltr'><strong>quarn</strong></span> <span class='ocrx_word' id='word_1_287' title='bbox 1855 2189 1965 2258; x_wconf 85' lang='lat' dir='ltr'><strong>species</strong></span> 
     </span>
    </p>

    <p class='ocr_par' dir='ltr' id='par_1_12' title="bbox 298 2261 603 2324">
     <span class='ocr_line' id='line_1_24' title="bbox 298 2261 603 2324; baseline -0.01 -23"><span class='ocrx_word' id='word_1_288' title='bbox 298 2275 309 2301; x_wconf 78' lang='lat' dir='ltr'><strong>e</strong></span> <span class='ocrx_word' id='word_1_289' title='bbox 335 2261 414 2314; x_wconf 65' lang='lat' dir='ltr'><strong>epuiis.</strong></span> <span class='ocrx_word' id='word_1_290' title='bbox 516 2275 539 2324; x_wconf 55' lang='lat' dir='ltr'><strong>pe</strong></span> <span class='ocrx_word' id='word_1_291' title='bbox 558 2274 603 2323; x_wconf 54' lang='lat' dir='ltr'><strong>up·</strong></span> 
     </span>
    </p>

    <p class='ocr_par' dir='ltr' id='par_1_13' title="bbox 517 2289 1967 2664">
     <span class='ocr_line' id='line_1_25' title="bbox 541 2289 1961 2424; baseline -0.005 -17"><span class='ocrx_word' id='word_1_292' title='bbox 541 2289 570 2422; x_wconf 63' lang='grc' dir='ltr'><strong>Βς.</strong></span> <span class='ocrx_word' id='word_1_293' title='bbox 588 2355 632 2408; x_wconf 80' lang='lat' dir='ltr'><strong>nt.</strong></span> <span class='ocrx_word' id='word_1_294' title='bbox 651 2353 815 2424; x_wconf 73' lang='lat' dir='ltr'><strong>Hypothecs,</strong></span> <span class='ocrx_word' id='word_1_295' title='bbox 833 2369 909 2422; x_wconf 86' lang='lat' dir='ltr'><strong>quarn</strong></span> <span class='ocrx_word' id='word_1_296' title='bbox 930 2349 1070 2421; x_wconf 74' lang='lat' dir='ltr'><strong>legatarius</strong></span> <span class='ocrx_word' id='word_1_297' title='bbox 1088 2348 1116 2401; x_wconf 92' lang='lat' dir='ltr'><strong>in</strong></span> <span class='ocrx_word' id='word_1_298' title='bbox 1135 2349 1212 2402; x_wconf 89' lang='lat' dir='ltr'><strong>bouis</strong></span> <span class='ocrx_word' id='word_1_299' title='bbox 1229 2347 1414 2402; x_wconf 85' lang='lat' dir='ltr'><strong>haereditariis</strong></span> <span class='ocrx_word' id='word_1_300' title='bbox 1434 2348 1523 2414; x_wconf 83' lang='lat' dir='ltr'><strong>hahet,</strong></span> <span class='ocrx_word' id='word_1_301' title='bbox 1541 2365 1594 2402; x_wconf 87' lang='lat' dir='ltr'><strong>uon</strong></span> <span class='ocrx_word' id='word_1_302' title='bbox 1612 2348 1653 2403; x_wconf 85' lang='lat' dir='ltr'><strong>ati</strong></span> <span class='ocrx_word' id='word_1_303' title='bbox 1671 2350 1722 2404; x_wconf 88' lang='lat' dir='ltr'><strong>alia</strong></span> <span class='ocrx_word' id='word_1_304' title='bbox 1740 2353 1892 2423; x_wconf 72' lang='lat' dir='ltr'><strong>llypnthaaa</strong></span> <span class='ocrx_word' id='word_1_305' title='bbox 1912 2359 1961 2410; x_wconf 70' lang='lat' dir='ltr'><strong>tn.</strong></span> 
     </span>
     <span class='ocr_line' id='line_1_26' title="bbox 517 2433 1967 2510; baseline -0.002 -15"><span class='ocrx_word' id='word_1_306' title='bbox 517 2441 625 2495; x_wconf 86' lang='lat' dir='ltr'><strong>disidaa</strong></span> <span class='ocrx_word' id='word_1_307' title='bbox 644 2451 693 2504; x_wconf 81' lang='lat' dir='ltr'><strong>cst,</strong></span> <span class='ocrx_word' id='word_1_308' title='bbox 714 2439 758 2491; x_wconf 88' lang='lat' dir='ltr'><strong>sed</strong></span> <span class='ocrx_word' id='word_1_309' title='bbox 780 2437 886 2491; x_wconf 79' lang='lat' dir='ltr'><strong>diuidua</strong></span> <span class='ocrx_word' id='word_1_310' title='bbox 906 2438 974 2491; x_wconf 89' lang='lat' dir='ltr'><strong>inter</strong></span> <span class='ocrx_word' id='word_1_311' title='bbox 992 2433 1117 2488; x_wconf 86' lang='lat' dir='ltr'><strong>haeredes</strong></span> <span class='ocrx_word' id='word_1_312' title='bbox 1137 2453 1187 2504; x_wconf 89' lang='lat' dir='ltr'><strong>pro</strong></span> <span class='ocrx_word' id='word_1_313' title='bbox 1205 2443 1260 2486; x_wconf 85' lang='lat' dir='ltr'><strong>rata</strong></span> <span class='ocrx_word' id='word_1_314' title='bbox 1278 2450 1334 2502; x_wconf 74' lang='lat' dir='ltr'><strong>urg.</strong></span> <span class='ocrx_word' id='word_1_315' title='bbox 1347 2435 1365 2485; x_wconf 85' lang='lat' dir='ltr'><strong>l.</strong></span> <span class='ocrx_word' id='word_1_316' title='bbox 1385 2437 1405 2486; x_wconf 93' lang='lat' dir='ltr'><strong>l.</strong></span> <span class='ocrx_word' id='word_1_317' title='bbox 1418 2450 1441 2485; x_wconf 84' lang='lat' dir='ltr'><strong>c.</strong></span> <span class='ocrx_word' id='word_1_318' title='bbox 1453 2437 1609 2489; x_wconf 85' lang='lat' dir='ltr'><strong>communia</strong></span> <span class='ocrx_word' id='word_1_319' title='bbox 1622 2437 1739 2509; x_wconf 70' lang='lat' dir='ltr'><strong>delegat.</strong></span> <span class='ocrx_word' id='word_1_320' title='bbox 1755 2441 1819 2492; x_wconf 86' lang='lat' dir='ltr'><strong>circ.</strong></span> <span class='ocrx_word' id='word_1_321' title='bbox 1828 2439 1881 2510; x_wconf 78' lang='lat' dir='ltr'><strong>fin.</strong></span> <span class='ocrx_word' id='word_1_322' title='bbox 1900 2443 1967 2496; x_wconf 79' lang='lat' dir='ltr'><strong>Nisi</strong></span> 
     </span>
     <span class='ocr_line' id='line_1_27' title="bbox 518 2519 1966 2592; baseline 0 -14"><span class='ocrx_word' id='word_1_323' title='bbox 518 2535 629 2579; x_wconf 84' lang='lat' dir='ltr'><strong>testator</strong></span> <span class='ocrx_word' id='word_1_324' title='bbox 647 2524 764 2579; x_wconf 88' lang='lat' dir='ltr'><strong>eamdem</strong></span> <span class='ocrx_word' id='word_1_325' title='bbox 783 2538 908 2592; x_wconf 83' lang='lat' dir='ltr'><strong>expresse</strong></span> <span class='ocrx_word' id='word_1_326' title='bbox 926 2521 955 2574; x_wconf 90' lang='lat' dir='ltr'><strong>iu</strong></span> <span class='ocrx_word' id='word_1_327' title='bbox 974 2521 1141 2574; x_wconf 71' lang='lat' dir='ltr'><strong>securitatem</strong></span> <span class='ocrx_word' id='word_1_328' title='bbox 1161 2521 1285 2590; x_wconf 77' lang='lat' dir='ltr'><strong>legatario</strong></span> <span class='ocrx_word' id='word_1_329' title='bbox 1301 2519 1497 2585; x_wconf 82' lang='lat' dir='ltr'><strong>constituisset,</strong></span> <span class='ocrx_word' id='word_1_330' title='bbox 1517 2532 1579 2574; x_wconf 90' lang='lat' dir='ltr'><strong>tunc</strong></span> <span class='ocrx_word' id='word_1_331' title='bbox 1597 2522 1668 2574; x_wconf 85' lang='lat' dir='ltr'><strong>euim</strong></span> <span class='ocrx_word' id='word_1_332' title='bbox 1694 2523 1870 2581; x_wconf 72' lang='lat' dir='ltr'><strong>videturesse</strong></span> <span class='ocrx_word' id='word_1_333' title='bbox 1889 2529 1966 2582; x_wconf 87' lang='lat' dir='ltr'><strong>iudi·</strong></span> 
     </span>
     <span class='ocr_line' id='line_1_28' title="bbox 519 2611 606 2664; baseline -0.046 0"><span class='ocrx_word' id='word_1_334' title='bbox 519 2611 606 2664; x_wconf 79' lang='lat' dir='ltr'><strong>vidua.</strong></span> 
     </span>
    </p>

    <p class='ocr_par' dir='ltr' id='par_1_14' title="bbox 275 2687 1966 2847">
     <span class='ocr_line' id='line_1_29' title="bbox 322 2687 1966 2772; baseline 0.002 -24"><span class='ocrx_word' id='word_1_335' title='bbox 322 2703 369 2748; x_wconf 81' lang='lat' dir='ltr'><strong>&#39;rin</strong></span> <span class='ocrx_word' id='word_1_336' title='bbox 387 2695 426 2744; x_wconf 76' lang='grc' dir='ltr'><strong>ιι.</strong></span> <span class='ocrx_word' id='word_1_337' title='bbox 552 2710 564 2762; x_wconf 84' lang='grc' dir='ltr'><strong>ς</strong></span> <span class='ocrx_word' id='word_1_338' title='bbox 591 2693 634 2746; x_wconf 78' lang='grc'><strong>90.</strong></span> <span class='ocrx_word' id='word_1_339' title='bbox 651 2692 743 2761; x_wconf 80' lang='lat' dir='ltr'><strong>Legata</strong></span> <span class='ocrx_word' id='word_1_340' title='bbox 764 2691 873 2760; x_wconf 88' lang='lat' dir='ltr'><strong>proprie</strong></span> <span class='ocrx_word' id='word_1_341' title='bbox 890 2707 977 2744; x_wconf 87' lang='lat' dir='ltr'><strong>coram</strong></span> <span class='ocrx_word' id='word_1_342' title='bbox 995 2689 1112 2758; x_wconf 89' lang='lat' dir='ltr'><strong>quinque</strong></span> <span class='ocrx_word' id='word_1_343' title='bbox 1139 2687 1248 2743; x_wconf 87' lang='lat' dir='ltr'><strong>testibus</strong></span> <span class='ocrx_word' id='word_1_344' title='bbox 1273 2688 1433 2742; x_wconf 85' lang='lat' dir='ltr'><strong>adimuntur.</strong></span> <span class='ocrx_word' id='word_1_345' title='bbox 1459 2690 1535 2758; x_wconf 81' lang='lat' dir='ltr'><strong>Quod</strong></span> <span class='ocrx_word' id='word_1_346' title='bbox 1560 2702 1647 2746; x_wconf 86' lang='lat' dir='ltr'><strong>entem</strong></span> <span class='ocrx_word' id='word_1_347' title='bbox 1672 2691 1740 2747; x_wconf 83' lang='lat' dir='ltr'><strong>iacta</strong></span> <span class='ocrx_word' id='word_1_348' title='bbox 1764 2693 1801 2748; x_wconf 83' lang='lat' dir='ltr'><strong>sit</strong></span> <span class='ocrx_word' id='word_1_349' title='bbox 1825 2697 1966 2772; x_wconf 86' lang='lat' dir='ltr'><strong>ademptio</strong></span> 
     </span>
     <span class='ocr_line' id='line_1_30' title="bbox 275 2763 999 2847; baseline -0.004 -16"><span class='ocrx_word' id='word_1_350' title='bbox 275 2765 311 2810; x_wconf 59' lang='grc' dir='ltr'><strong>θ’</strong></span> <span class='ocrx_word' id='word_1_351' title='bbox 351 2763 493 2820; x_wconf 75' lang='lat' dir='ltr'><strong>ademptione</strong></span> <span class='ocrx_word' id='word_1_352' title='bbox 519 2779 620 2832; x_wconf 83' lang='lat' dir='ltr'><strong>duobus</strong></span> <span class='ocrx_word' id='word_1_353' title='bbox 640 2779 762 2841; x_wconf 83' lang='lat' dir='ltr'><strong>testibus,</strong></span> <span class='ocrx_word' id='word_1_354' title='bbox 781 2776 885 2845; x_wconf 80' lang='lat' dir='ltr'><strong>probari</strong></span> <span class='ocrx_word' id='word_1_355' title='bbox 906 2787 999 2847; x_wconf 89' lang='lat' dir='ltr'><strong>potest.</strong></span> 
     </span>
    </p>
   </div>
   <div class='ocr_carea' id='block_1_3' title="bbox 276 2827 1965 2938">
    <p class='ocr_par' dir='ltr' id='par_1_15' title="bbox 276 2827 1965 2938">
     <span class='ocr_line' id='line_1_31' title="bbox 276 2827 1789 2882; baseline -0.013 -11"><span class='ocrx_word' id='word_1_356' title='bbox 276 2827 438 2882; x_wconf 66' lang='lat' dir='ltr'><strong>lacuturnenses</strong></span> <span class='ocrx_word' id='word_1_357' title='bbox 460 2831 494 2865; x_wconf 84' lang='grc' dir='ltr'><strong>ιι·-</strong></span> <span class='ocrx_word' id='word_1_358' title='bbox 793 2867 795 2870; x_wconf 49' lang='grc'><strong>,</strong></span> <span class='ocrx_word' id='word_1_359' title='bbox 972 2865 977 2876; x_wconf 46' lang='grc'><strong><em>,</em></strong></span> <span class='ocrx_word' id='word_1_360' title='bbox 1065 2859 1071 2872; x_wconf 62' lang='grc'><strong>,</strong></span> <span class='ocrx_word' id='word_1_361' title='bbox 1468 2859 1473 2874; x_wconf 89' lang='lat'><strong>.</strong></span> <span class='ocrx_word' id='word_1_362' title='bbox 1636 2861 1643 2878; x_wconf 36' lang='grc' dir='ltr'>ι</span> <span class='ocrx_word' id='word_1_363' title='bbox 1782 2864 1789 2880; x_wconf 34' lang='grc' dir='ltr'>ι</span> 
     </span>
     <span class='ocr_line' id='line_1_32' title="bbox 276 2859 1965 2938; baseline -0.011 -4"><span class='ocrx_word' id='word_1_364' title='bbox 276 2889 336 2934; x_wconf 77' lang='lat' dir='ltr'><strong>«ud.</strong></span> <span class='ocrx_word' id='word_1_365' title='bbox 554 2865 573 2920; x_wconf 85' lang='lat' dir='ltr'><strong>i·</strong></span> <span class='ocrx_word' id='word_1_366' title='bbox 593 2865 637 2916; x_wconf 86' lang='grc'><strong>90.</strong></span> <span class='ocrx_word' id='word_1_367' title='bbox 656 2863 732 2932; x_wconf 84' lang='lat' dir='ltr'><strong>Quod</strong></span> <span class='ocrx_word' id='word_1_368' title='bbox 752 2879 795 2912; x_wconf 83' lang='grc' dir='ltr'><strong>ιιιιι</strong></span> <span class='ocrx_word' id='word_1_369' title='bbox 813 2861 940 2929; x_wconf 79' lang='lat' dir='ltr'><strong>legatum,</strong></span> <span class='ocrx_word' id='word_1_370' title='bbox 957 2877 979 2914; x_wconf 87' lang='lat' dir='ltr'><strong>st</strong></span> <span class='ocrx_word' id='word_1_371' title='bbox 998 2861 1073 2912; x_wconf 81' lang='lat' dir='ltr'><strong>alters</strong></span> <span class='ocrx_word' id='word_1_372' title='bbox 1092 2859 1195 2926; x_wconf 74' lang='lat' dir='ltr'><strong>legetur</strong></span> <span class='ocrx_word' id='word_1_373' title='bbox 1212 2859 1261 2911; x_wconf 80' lang='lat' dir='ltr'><strong>suls</strong></span> <span class='ocrx_word' id='word_1_374' title='bbox 1278 2867 1527 2914; x_wconf 73' lang='lat' dir='ltr'><strong>commemoratione</strong></span> <span class='ocrx_word' id='word_1_375' title='bbox 1560 2861 1677 2934; x_wconf 74' lang='lat' dir='ltr'><strong>prioris,</strong></span> <span class='ocrx_word' id='word_1_376' title='bbox 1698 2866 1791 2936; x_wconf 83' lang='lat' dir='ltr'><strong>priora</strong></span> <span class='ocrx_word' id='word_1_377' title='bbox 1809 2866 1965 2938; x_wconf 75' lang='lat' dir='ltr'><strong>adernptnm</strong></span> 
     </span>
    </p>
   </div>
   <div class='ocr_carea' id='block_1_4' title="bbox 279 2945 1972 4458">
    <p class='ocr_par' dir='ltr' id='par_1_16' title="bbox 518 2945 1967 3104">
     <span class='ocr_line' id='line_1_33' title="bbox 518 2945 1967 3026; baseline 0.003 -24"><span class='ocrx_word' id='word_1_378' title='bbox 518 2961 648 3002; x_wconf 88' lang='lat' dir='ltr'><strong>censetur.</strong></span> <span class='ocrx_word' id='word_1_379' title='bbox 667 2947 696 3000; x_wconf 83' lang='lat' dir='ltr'><strong>Si</strong></span> <span class='ocrx_word' id='word_1_380' title='bbox 717 2948 885 3017; x_wconf 82' lang='lat' dir='ltr'><strong>simpliciter,</strong></span> <span class='ocrx_word' id='word_1_381' title='bbox 903 2946 971 3017; x_wconf 86' lang='lat' dir='ltr'><strong>quod</strong></span> <span class='ocrx_word' id='word_1_382' title='bbox 991 2949 1035 2999; x_wconf 91' lang='lat' dir='ltr'><strong>uui</strong></span> <span class='ocrx_word' id='word_1_383' title='bbox 1055 2949 1176 3016; x_wconf 81' lang='lat' dir='ltr'><strong>legatum,</strong></span> <span class='ocrx_word' id='word_1_384' title='bbox 1194 2945 1294 3015; x_wconf 79' lang='lat' dir='ltr'><strong>legetur</strong></span> <span class='ocrx_word' id='word_1_385' title='bbox 1312 2961 1414 3019; x_wconf 86' lang='lat' dir='ltr'><strong>quoqne</strong></span> <span class='ocrx_word' id='word_1_386' title='bbox 1427 2949 1513 3015; x_wconf 85' lang='lat' dir='ltr'><strong>alteri,</strong></span> <span class='ocrx_word' id='word_1_387' title='bbox 1526 2951 1631 3020; x_wconf 83' lang='lat' dir='ltr'><strong>utrique</strong></span> <span class='ocrx_word' id='word_1_388' title='bbox 1642 2949 1760 3016; x_wconf 84' lang='lat' dir='ltr'><strong>debetur,</strong></span> <span class='ocrx_word' id='word_1_389' title='bbox 1772 2969 1828 3026; x_wconf 73' lang='lat' dir='ltr'><strong>urg.</strong></span> <span class='ocrx_word' id='word_1_390' title='bbox 1842 2954 1861 3005; x_wconf 85' lang='lat' dir='ltr'><strong>l.</strong></span> <span class='ocrx_word' id='word_1_391' title='bbox 1873 2954 1916 3007; x_wconf 83' lang='grc'><strong>99.</strong></span> <span class='ocrx_word' id='word_1_392' title='bbox 1921 2954 1967 3026; x_wconf 75' lang='grc' dir='ltr'><em>Ι</em></span> 
     </span>
     <span class='ocr_line' id='line_1_34' title="bbox 519 3027 1408 3104; baseline -0.006 -17"><span class='ocrx_word' id='word_1_393' title='bbox 519 3031 687 3104; x_wconf 71' lang='lat' dir='ltr'><strong>detegam.</strong></span> <span class='ocrx_word' id='word_1_394' title='bbox 705 3045 730 3086; x_wconf 87' lang='lat' dir='ltr'><strong>es</strong></span> <span class='ocrx_word' id='word_1_395' title='bbox 747 3039 765 3086; x_wconf 92' lang='lat' dir='ltr'><strong>t.</strong></span> <span class='ocrx_word' id='word_1_396' title='bbox 784 3031 859 3100; x_wconf 62' lang='grc' dir='ltr'><em>Μ.</em></span> <span class='ocrx_word' id='word_1_397' title='bbox 878 3033 904 3085; x_wconf 87' lang='grc' dir='ltr'><strong>ιι.</strong></span> <span class='ocrx_word' id='word_1_398' title='bbox 922 3043 941 3084; x_wconf 86' lang='grc' dir='ltr'><strong>ι.</strong></span> <span class='ocrx_word' id='word_1_399' title='bbox 1275 3027 1287 3036; x_wconf 82' lang='lat'><em>‘</em></span> <span class='ocrx_word' id='word_1_400' title='bbox 1391 3097 1408 3104; x_wconf 25' lang='grc' dir='ltr'>ᾖ</span> 
     </span>
    </p>

    <p class='ocr_par' dir='ltr' id='par_1_17' title="bbox 325 3111 1833 3184">
     <span class='ocr_line' id='line_1_35' title="bbox 325 3111 1833 3184; baseline -0.003 -6"><span class='ocrx_word' id='word_1_401' title='bbox 325 3135 372 3179; x_wconf 83' lang='grc' dir='ltr'><strong>Τιι.</strong></span> <span class='ocrx_word' id='word_1_402' title='bbox 390 3130 428 3177; x_wconf 79' lang='lat'><strong>22.</strong></span> <span class='ocrx_word' id='word_1_403' title='bbox 557 3127 579 3182; x_wconf 76' lang='grc' dir='ltr'><strong>ς.</strong></span> <span class='ocrx_word' id='word_1_404' title='bbox 600 3118 781 3172; x_wconf 66' lang='lat' dir='ltr'><strong>structura</strong></span> <span class='ocrx_word' id='word_1_405' title='bbox 800 3135 851 3170; x_wconf 89' lang='lat' dir='ltr'><strong>uun</strong></span> <span class='ocrx_word' id='word_1_406' title='bbox 872 3117 963 3170; x_wconf 80' lang='lat' dir='ltr'><strong>mitius</strong></span> <span class='ocrx_word' id='word_1_407' title='bbox 979 3115 1111 3170; x_wconf 79' lang='lat' dir='ltr'><strong>testatoris</strong></span> <span class='ocrx_word' id='word_1_408' title='bbox 1129 3113 1207 3179; x_wconf 77' lang='lat' dir='ltr'><strong>hono,</strong></span> <span class='ocrx_word' id='word_1_409' title='bbox 1227 3132 1303 3184; x_wconf 82' lang='lat' dir='ltr'><strong>quern</strong></span> <span class='ocrx_word' id='word_1_410' title='bbox 1323 3115 1445 3168; x_wconf 83' lang='lat' dir='ltr'><strong>haeredis</strong></span> <span class='ocrx_word' id='word_1_411' title='bbox 1463 3111 1600 3172; x_wconf 76' lang='lat' dir='ltr'><strong>commodo</strong></span> <span class='ocrx_word' id='word_1_412' title='bbox 1617 3116 1764 3175; x_wconf 85' lang='lat' dir='ltr'><strong>introducta</strong></span> <span class='ocrx_word' id='word_1_413' title='bbox 1783 3130 1833 3176; x_wconf 86' lang='lat' dir='ltr'><strong>esi.</strong></span> 
     </span>
    </p>

    <p class='ocr_par' dir='ltr' id='par_1_18' title="bbox 279 3191 1971 3352">
     <span class='ocr_line' id='line_1_36' title="bbox 279 3191 1971 3279; baseline 0.003 -22"><span class='ocrx_word' id='word_1_414' title='bbox 279 3197 315 3242; x_wconf 72' lang='lat'><strong>1²¹¹</strong></span> <span class='ocrx_word' id='word_1_415' title='bbox 325 3199 374 3254; x_wconf 57' lang='grc' dir='ltr'><strong>ἰιι</strong></span> <span class='ocrx_word' id='word_1_416' title='bbox 386 3191 479 3240; x_wconf 48' lang='lat' dir='ltr'><strong>‘stiffi‘-</strong></span> <span class='ocrx_word' id='word_1_417' title='bbox 556 3205 579 3270; x_wconf 86' lang='lat'><strong>§.</strong></span> <span class='ocrx_word' id='word_1_418' title='bbox 598 3205 642 3256; x_wconf 86' lang='grc'><strong>99.</strong></span> <span class='ocrx_word' id='word_1_419' title='bbox 662 3206 762 3256; x_wconf 83' lang='lat' dir='ltr'><strong>liseres</strong></span> <span class='ocrx_word' id='word_1_420' title='bbox 780 3200 937 3253; x_wconf 86' lang='lat' dir='ltr'><strong>deducturus</strong></span> <span class='ocrx_word' id='word_1_421' title='bbox 957 3197 1088 3254; x_wconf 70' lang='lat' dir='ltr'><strong>falcidiam</strong></span> <span class='ocrx_word' id='word_1_422' title='bbox 1111 3199 1155 3250; x_wconf 86' lang='lat' dir='ltr'><strong>illa</strong></span> <span class='ocrx_word' id='word_1_423' title='bbox 1174 3201 1266 3253; x_wconf 87' lang='lat' dir='ltr'><strong>saltem</strong></span> <span class='ocrx_word' id='word_1_424' title='bbox 1286 3209 1430 3271; x_wconf 83' lang='lat' dir='ltr'><strong>computat,</strong></span> <span class='ocrx_word' id='word_1_425' title='bbox 1448 3217 1513 3271; x_wconf 87' lang='lat' dir='ltr'><strong>quae</strong></span> <span class='ocrx_word' id='word_1_426' title='bbox 1532 3204 1589 3270; x_wconf 86' lang='lat' dir='ltr'><strong>jure</strong></span> <span class='ocrx_word' id='word_1_427' title='bbox 1606 3201 1736 3271; x_wconf 73' lang='lat' dir='ltr'><strong>haeredis,</strong></span> <span class='ocrx_word' id='word_1_428' title='bbox 1755 3223 1808 3259; x_wconf 89' lang='lat' dir='ltr'><strong>nou</strong></span> <span class='ocrx_word' id='word_1_429' title='bbox 1822 3223 1884 3260; x_wconf 86' lang='lat' dir='ltr'><strong>seru</strong></span> <span class='ocrx_word' id='word_1_430' title='bbox 1896 3225 1971 3279; x_wconf 85' lang='lat' dir='ltr'><strong>quae</strong></span> 
     </span>
     <span class='ocr_line' id='line_1_37' title="bbox 524 3281 1249 3352; baseline -0.001 -14"><span class='ocrx_word' id='word_1_431' title='bbox 524 3287 575 3340; x_wconf 90' lang='lat' dir='ltr'><strong>aliu</strong></span> <span class='ocrx_word' id='word_1_432' title='bbox 598 3289 671 3342; x_wconf 89' lang='lat' dir='ltr'><strong>titulo</strong></span> <span class='ocrx_word' id='word_1_433' title='bbox 690 3287 793 3340; x_wconf 85' lang='lat' dir='ltr'><strong>habeta</strong></span> <span class='ocrx_word' id='word_1_434' title='bbox 808 3285 943 3350; x_wconf 78' lang='lat' dir='ltr'><strong>defuncto,</strong></span> <span class='ocrx_word' id='word_1_435' title='bbox 961 3285 978 3336; x_wconf 92' lang='lat' dir='ltr'><strong>l.</strong></span> <span class='ocrx_word' id='word_1_436' title='bbox 994 3285 1038 3337; x_wconf 75' lang='lat' dir='ltr'><strong>ii.</strong></span> <span class='ocrx_word' id='word_1_437' title='bbox 1051 3297 1077 3338; x_wconf 84' lang='lat' dir='ltr'><strong>et</strong></span> <span class='ocrx_word' id='word_1_438' title='bbox 1089 3285 1133 3336; x_wconf 83' lang='grc'><strong>91.</strong></span> <span class='ocrx_word' id='word_1_439' title='bbox 1134 3281 1176 3352; x_wconf 87' lang='grc' dir='ltr'><em>Ι</em></span> <span class='ocrx_word' id='word_1_440' title='bbox 1190 3287 1217 3338; x_wconf 92' lang='grc' dir='ltr'><strong>Ιι.</strong></span> <span class='ocrx_word' id='word_1_441' title='bbox 1229 3295 1249 3337; x_wconf 91' lang='lat' dir='ltr'><strong>t.</strong></span> 
     </span>
    </p>

    <p class='ocr_par' dir='ltr' id='par_1_19' title="bbox 281 3367 1972 3620">
     <span class='ocr_line' id='line_1_38' title="bbox 327 3367 1972 3445; baseline 0.002 -17"><span class='ocrx_word' id='word_1_442' title='bbox 327 3386 376 3430; x_wconf 80' lang='grc' dir='ltr'><strong>τιι.</strong></span> <span class='ocrx_word' id='word_1_443' title='bbox 389 3382 428 3432; x_wconf 78' lang='grc'><em>23.</em></span> <span class='ocrx_word' id='word_1_444' title='bbox 561 3370 585 3443; x_wconf 68' lang='grc'><strong>5.</strong></span> <span class='ocrx_word' id='word_1_445' title='bbox 604 3374 647 3425; x_wconf 92' lang='grc'><strong>99.</strong></span> <span class='ocrx_word' id='word_1_446' title='bbox 666 3371 914 3425; x_wconf 76' lang='lat' dir='ltr'><strong>Fideiccmmissum</strong></span> <span class='ocrx_word' id='word_1_447' title='bbox 933 3371 1013 3422; x_wconf 87' lang='lat' dir='ltr'><strong>etlam</strong></span> <span class='ocrx_word' id='word_1_448' title='bbox 1033 3371 1113 3423; x_wconf 84' lang='lat' dir='ltr'><strong>nullis</strong></span> <span class='ocrx_word' id='word_1_449' title='bbox 1132 3367 1315 3440; x_wconf 87' lang='lat' dir='ltr'><strong>praesentibus</strong></span> <span class='ocrx_word' id='word_1_450' title='bbox 1335 3369 1445 3424; x_wconf 89' lang='lat' dir='ltr'><strong>testibus</strong></span> <span class='ocrx_word' id='word_1_451' title='bbox 1463 3370 1577 3441; x_wconf 81' lang='lat' dir='ltr'><strong>relinqui</strong></span> <span class='ocrx_word' id='word_1_452' title='bbox 1598 3381 1688 3442; x_wconf 84' lang='lat' dir='ltr'><strong>potest·</strong></span> <span class='ocrx_word' id='word_1_453' title='bbox 1708 3373 1737 3426; x_wconf 82' lang='lat' dir='ltr'><strong>Si</strong></span> <span class='ocrx_word' id='word_1_454' title='bbox 1758 3375 1972 3445; x_wconf 83' lang='lat' dir='ltr'><strong>testatnrjuheat</strong></span> 
     </span>
     <span class='ocr_line' id='line_1_39' title="bbox 283 3447 1972 3554; baseline 0.002 -44"><span class='ocrx_word' id='word_1_455' title='bbox 283 3447 496 3554; x_wconf 55' lang='lat' dir='ltr'><strong>D‘fi‘izw&#39;z&#39;f‘·</strong></span> <span class='ocrx_word' id='word_1_456' title='bbox 522 3455 661 3510; x_wconf 77' lang='lat' dir='ltr'><strong>haeredem</strong></span> <span class='ocrx_word' id='word_1_457' title='bbox 681 3455 713 3508; x_wconf 87' lang='lat' dir='ltr'><strong>ab</strong></span> <span class='ocrx_word' id='word_1_458' title='bbox 733 3455 854 3507; x_wconf 87' lang='lat' dir='ltr'><strong>intestato</strong></span> <span class='ocrx_word' id='word_1_459' title='bbox 872 3454 936 3506; x_wconf 86' lang='lat' dir='ltr'><strong>alias</strong></span> <span class='ocrx_word' id='word_1_460' title='bbox 954 3453 1135 3507; x_wconf 85' lang='lat' dir='ltr'><strong>succedentem</strong></span> <span class='ocrx_word' id='word_1_461' title='bbox 1155 3455 1295 3509; x_wconf 87' lang='lat' dir='ltr'><strong>restituere</strong></span> <span class='ocrx_word' id='word_1_462' title='bbox 1311 3455 1512 3521; x_wconf 74' lang='lat' dir='ltr'><strong>haereditatem,</strong></span> <span class='ocrx_word' id='word_1_463' title='bbox 1530 3459 1568 3511; x_wconf 87' lang='lat' dir='ltr'><strong>rel</strong></span> <span class='ocrx_word' id='word_1_464' title='bbox 1589 3467 1699 3528; x_wconf 85' lang='lat' dir='ltr'><strong>partem,</strong></span> <span class='ocrx_word' id='word_1_465' title='bbox 1717 3476 1769 3528; x_wconf 83' lang='lat' dir='ltr'><strong>quo</strong></span> <span class='ocrx_word' id='word_1_466' title='bbox 1787 3477 1847 3512; x_wconf 85' lang='lat' dir='ltr'><strong>casn</strong></span> <span class='ocrx_word' id='word_1_467' title='bbox 1866 3461 1972 3531; x_wconf 82' lang='lat' dir='ltr'><strong>el‚qui</strong></span> 
     </span>
     <span class='ocr_line' id='line_1_40' title="bbox 281 3513 1971 3620; baseline 0.002 -24"><span class='ocrx_word' id='word_1_468' title='bbox 281 3513 347 3616; x_wconf 28' lang='grc' dir='ltr'><strong>’,ἴῳ</strong></span> <span class='ocrx_word' id='word_1_469' title='bbox 394 3524 430 3554; x_wconf 61' lang='lat' dir='ltr'><strong><em>m</em></strong></span> <span class='ocrx_word' id='word_1_470' title='bbox 457 3518 497 3552; x_wconf 59' lang='grc' dir='ltr'><strong>ω’</strong></span> <span class='ocrx_word' id='word_1_471' title='bbox 524 3543 556 3594; x_wconf 88' lang='lat' dir='ltr'><strong>ah</strong></span> <span class='ocrx_word' id='word_1_472' title='bbox 577 3544 702 3594; x_wconf 87' lang='lat' dir='ltr'><strong>intestato</strong></span> <span class='ocrx_word' id='word_1_473' title='bbox 721 3537 846 3604; x_wconf 79' lang='lat' dir='ltr'><strong>succedit,</strong></span> <span class='ocrx_word' id='word_1_474' title='bbox 866 3536 963 3592; x_wconf 87' lang='lat' dir='ltr'><strong>deierri</strong></span> <span class='ocrx_word' id='word_1_475' title='bbox 982 3549 1069 3608; x_wconf 85' lang='lat' dir='ltr'><strong>potest</strong></span> <span class='ocrx_word' id='word_1_476' title='bbox 1085 3542 1276 3610; x_wconf 79' lang='lat' dir='ltr'><strong>jurameutum,</strong></span> <span class='ocrx_word' id='word_1_477' title='bbox 1295 3549 1324 3592; x_wconf 90' lang='lat' dir='ltr'><strong>nt</strong></span> <span class='ocrx_word' id='word_1_478' title='bbox 1342 3542 1380 3595; x_wconf 87' lang='lat' dir='ltr'><strong>sel</strong></span> <span class='ocrx_word' id='word_1_479' title='bbox 1399 3541 1479 3609; x_wconf 79' lang='lat' dir='ltr'><strong>juret,</strong></span> <span class='ocrx_word' id='word_1_480' title='bbox 1496 3542 1535 3595; x_wconf 88' lang='lat' dir='ltr'><strong>rel</strong></span> <span class='ocrx_word' id='word_1_481' title='bbox 1554 3541 1637 3594; x_wconf 86' lang='lat' dir='ltr'><strong>soleat</strong></span> <span class='ocrx_word' id='word_1_482' title='bbox 1655 3537 1894 3598; x_wconf 79' lang='lat' dir='ltr'><strong>fideicommissum</strong></span> <span class='ocrx_word' id='word_1_483' title='bbox 1914 3548 1971 3620; x_wconf 76' lang='lat' dir='ltr'><strong>leg.</strong></span> 
     </span>
    </p>

    <p class='ocr_par' dir='ltr' id='par_1_20' title="bbox 525 3621 1971 3865">
     <span class='ocr_line' id='line_1_41' title="bbox 526 3621 1028 3694; baseline -0.004 -16"><span class='ocrx_word' id='word_1_484' title='bbox 526 3627 572 3678; x_wconf 80' lang='lat' dir='ltr'><strong>ute.</strong></span> <span class='ocrx_word' id='word_1_485' title='bbox 592 3648 615 3681; x_wconf 83' lang='lat' dir='ltr'><strong>c.</strong></span> <span class='ocrx_word' id='word_1_486' title='bbox 633 3629 660 3680; x_wconf 86' lang='grc' dir='ltr'><em>Ιι.</em></span> <span class='ocrx_word' id='word_1_487' title='bbox 677 3635 696 3676; x_wconf 86' lang='lat' dir='ltr'><strong>t.</strong></span> <span class='ocrx_word' id='word_1_488' title='bbox 715 3637 741 3678; x_wconf 83' lang='lat' dir='ltr'><strong>er</strong></span> <span class='ocrx_word' id='word_1_489' title='bbox 758 3621 782 3694; x_wconf 75' lang='grc'><strong>5.</strong></span> <span class='ocrx_word' id='word_1_490' title='bbox 802 3623 847 3678; x_wconf 84' lang='lat' dir='ltr'><strong>uic</strong></span> <span class='ocrx_word' id='word_1_491' title='bbox 866 3621 948 3674; x_wconf 76' lang='lat' dir='ltr'><strong>tmen</strong></span> <span class='ocrx_word' id='word_1_492' title='bbox 964 3625 991 3675; x_wconf 86' lang='grc' dir='ltr'><em>Ιι.</em></span> <span class='ocrx_word' id='word_1_493' title='bbox 1010 3633 1028 3676; x_wconf 88' lang='lat' dir='ltr'><strong>s.</strong></span> 
     </span>
     <span class='ocr_line' id='line_1_42' title="bbox 564 3705 1971 3779; baseline 0.004 -16"><span class='ocrx_word' id='word_1_494' title='bbox 564 3719 584 3774; x_wconf 80' lang='grc' dir='ltr'><strong>ς.</strong></span> <span class='ocrx_word' id='word_1_495' title='bbox 605 3713 666 3765; x_wconf 89' lang='grc'><em>100.</em></span> <span class='ocrx_word' id='word_1_496' title='bbox 683 3710 771 3762; x_wconf 81' lang='lat' dir='ltr'><strong>Filius</strong></span> <span class='ocrx_word' id='word_1_497' title='bbox 789 3705 996 3762; x_wconf 72' lang='lat' dir='ltr'><strong>fideicommiaao</strong></span> <span class='ocrx_word' id='word_1_498' title='bbox 1013 3716 1132 3779; x_wconf 77' lang='lat' dir='ltr'><strong>granatus</strong></span> <span class='ocrx_word' id='word_1_499' title='bbox 1155 3707 1234 3762; x_wconf 87' lang='lat' dir='ltr'><strong>hodie</strong></span> <span class='ocrx_word' id='word_1_500' title='bbox 1259 3708 1401 3762; x_wconf 85' lang='lat' dir='ltr'><strong>secundnm</strong></span> <span class='ocrx_word' id='word_1_501' title='bbox 1429 3708 1471 3774; x_wconf 74' lang='lat' dir='ltr'><strong>ius</strong></span> <span class='ocrx_word' id='word_1_502' title='bbox 1499 3707 1651 3762; x_wconf 80' lang='lat' dir='ltr'><strong>canonicum</strong></span> <span class='ocrx_word' id='word_1_503' title='bbox 1682 3711 1843 3779; x_wconf 67' lang='lat' dir='ltr'><strong>legitimam</strong></span> <span class='ocrx_word' id='word_1_504' title='bbox 1867 3713 1971 3770; x_wconf 90' lang='lat' dir='ltr'><strong>deiude</strong></span> 
     </span>
     <span class='ocr_line' id='line_1_43' title="bbox 525 3789 1839 3865; baseline -0.003 -15"><span class='ocrx_word' id='word_1_505' title='bbox 525 3795 730 3850; x_wconf 85' lang='lat' dir='ltr'><strong>trebelliauicnm</strong></span> <span class='ocrx_word' id='word_1_506' title='bbox 749 3811 850 3863; x_wconf 84' lang='lat' dir='ltr'><strong>quoque</strong></span> <span class='ocrx_word' id='word_1_507' title='bbox 868 3793 995 3846; x_wconf 81' lang='lat' dir='ltr'><strong>deducere</strong></span> <span class='ocrx_word' id='word_1_508' title='bbox 1014 3804 1110 3863; x_wconf 86' lang='lat' dir='ltr'><strong>potest,</strong></span> <span class='ocrx_word' id='word_1_509' title='bbox 1130 3809 1175 3864; x_wconf 90' lang='lat' dir='ltr'><strong>per</strong></span> <span class='ocrx_word' id='word_1_510' title='bbox 1192 3811 1249 3865; x_wconf 84' lang='lat' dir='ltr'><strong>cup.</strong></span> <span class='ocrx_word' id='word_1_511' title='bbox 1266 3792 1415 3862; x_wconf 76' lang='lat' dir='ltr'><strong>Rnynutins</strong></span> <span class='ocrx_word' id='word_1_512' title='bbox 1427 3789 1625 3862; x_wconf 77' lang='lat' dir='ltr'><strong>etliayucldus</strong></span> <span class='ocrx_word' id='word_1_513' title='bbox 1640 3792 1674 3846; x_wconf 83' lang='grc' dir='ltr'><em>Χ.</em></span> <span class='ocrx_word' id='word_1_514' title='bbox 1690 3794 1839 3848; x_wconf 78' lang='lat' dir='ltr'><strong>detectam.</strong></span> 
     </span>
    </p>

    <p class='ocr_par' dir='ltr' id='par_1_21' title="bbox 285 3872 1972 4121">
     <span class='ocr_line' id='line_1_44' title="bbox 331 3872 1972 3953; baseline -0.001 -19"><span class='ocrx_word' id='word_1_515' title='bbox 331 3879 379 3923; x_wconf 81' lang='lat' dir='ltr'><strong>Tit.</strong></span> <span class='ocrx_word' id='word_1_516' title='bbox 396 3872 435 3952; x_wconf 61' lang='lat'><strong>2⁴·</strong></span> <span class='ocrx_word' id='word_1_517' title='bbox 563 3889 584 3944; x_wconf 87' lang='lat'><strong>§.</strong></span> <span class='ocrx_word' id='word_1_518' title='bbox 604 3883 667 3933; x_wconf 86' lang='grc'><em>101.</em></span> <span class='ocrx_word' id='word_1_519' title='bbox 685 3879 808 3952; x_wconf 71' lang='lat' dir='ltr'><strong>Legatum</strong></span> <span class='ocrx_word' id='word_1_520' title='bbox 827 3897 929 3949; x_wconf 86' lang='lat' dir='ltr'><strong>quoque</strong></span> <span class='ocrx_word' id='word_1_521' title='bbox 946 3898 961 3931; x_wconf 89' lang='lat' dir='ltr'><strong>s</strong></span> <span class='ocrx_word' id='word_1_522' title='bbox 979 3879 1104 3948; x_wconf 72' lang='lat' dir='ltr'><strong>tegerano</strong></span> <span class='ocrx_word' id='word_1_523' title='bbox 1123 3879 1235 3947; x_wconf 82' lang='lat' dir='ltr'><strong>relinqui</strong></span> <span class='ocrx_word' id='word_1_524' title='bbox 1256 3888 1350 3948; x_wconf 76' lang='lat' dir='ltr'><strong>potest,</strong></span> <span class='ocrx_word' id='word_1_525' title='bbox 1369 3895 1421 3945; x_wconf 89' lang='lat' dir='ltr'><strong>qao</strong></span> <span class='ocrx_word' id='word_1_526' title='bbox 1438 3894 1498 3932; x_wconf 71' lang='lat' dir='ltr'><strong>meu</strong></span> <span class='ocrx_word' id='word_1_527' title='bbox 1515 3877 1621 3948; x_wconf 88' lang='lat' dir='ltr'><strong>quidem</strong></span> <span class='ocrx_word' id='word_1_528' title='bbox 1640 3877 1663 3928; x_wconf 90' lang='lat' dir='ltr'><strong>is</strong></span> <span class='ocrx_word' id='word_1_529' title='bbox 1682 3879 1821 3947; x_wconf 81' lang='lat' dir='ltr'><strong>legatarius</strong></span> <span class='ocrx_word' id='word_1_530' title='bbox 1839 3897 1890 3933; x_wconf 91' lang='lat' dir='ltr'><strong>non</strong></span> <span class='ocrx_word' id='word_1_531' title='bbox 1906 3893 1972 3953; x_wconf 85' lang='lat' dir='ltr'><strong>pot·</strong></span> 
     </span>
     <span class='ocr_line' id='line_1_45' title="bbox 285 3937 1968 4058; baseline 0.001 -37"><span class='ocrx_word' id='word_1_532' title='bbox 285 3937 502 4058; x_wconf 51' lang='lat' dir='ltr'><strong>D‘r&#39;i&#39;ffloffl</strong></span> <span class='ocrx_word' id='word_1_533' title='bbox 530 3975 571 4020; x_wconf 88' lang='lat' dir='ltr'><strong>est</strong></span> <span class='ocrx_word' id='word_1_534' title='bbox 589 3965 687 4019; x_wconf 86' lang='lat' dir='ltr'><strong>directo</strong></span> <span class='ocrx_word' id='word_1_535' title='bbox 706 3965 845 4018; x_wconf 72' lang='lat' dir='ltr'><strong>detrahere</strong></span> <span class='ocrx_word' id='word_1_536' title='bbox 862 3962 1005 4029; x_wconf 70' lang='lat' dir='ltr'><strong>falcidiam,</strong></span> <span class='ocrx_word' id='word_1_537' title='bbox 1024 3982 1071 4036; x_wconf 92' lang='lat' dir='ltr'><strong>per</strong></span> <span class='ocrx_word' id='word_1_538' title='bbox 1087 3965 1299 4034; x_wconf 87' lang='lat' dir='ltr'><strong>consequentiam</strong></span> <span class='ocrx_word' id='word_1_539' title='bbox 1319 3974 1406 4016; x_wconf 87' lang='lat' dir='ltr'><strong>temen</strong></span> <span class='ocrx_word' id='word_1_540' title='bbox 1426 3963 1553 4018; x_wconf 85' lang='lat' dir='ltr'><strong>minuitur</strong></span> <span class='ocrx_word' id='word_1_541' title='bbox 1571 3979 1620 4032; x_wconf 86' lang='lat' dir='ltr'><strong>pro</strong></span> <span class='ocrx_word' id='word_1_542' title='bbox 1638 3968 1701 4027; x_wconf 83' lang='lat' dir='ltr'><strong>rata,</strong></span> <span class='ocrx_word' id='word_1_543' title='bbox 1714 3981 1764 4033; x_wconf 87' lang='lat' dir='ltr'><strong>qua</strong></span> <span class='ocrx_word' id='word_1_544' title='bbox 1783 3963 1807 4015; x_wconf 91' lang='lat' dir='ltr'><strong>is</strong></span> <span class='ocrx_word' id='word_1_545' title='bbox 1825 3965 1912 4019; x_wconf 86' lang='lat' dir='ltr'><strong>miuus</strong></span> <span class='ocrx_word' id='word_1_546' title='bbox 1925 3987 1968 4023; x_wconf 89' lang='lat' dir='ltr'><strong>ao-</strong></span> 
     </span>
     <span class='ocr_line' id='line_1_46' title="bbox 289 4017 1343 4121; baseline -0.01 -14"><span class='ocrx_word' id='word_1_547' title='bbox 289 4017 385 4108; x_wconf 58' lang='lat' dir='ltr'><strong>&#39;r&#39;ita&#39;enu</strong></span> <span class='ocrx_word' id='word_1_548' title='bbox 529 4055 595 4121; x_wconf 88' lang='lat' dir='ltr'><strong>cepit</strong></span> <span class='ocrx_word' id='word_1_549' title='bbox 613 4059 720 4120; x_wconf 89' lang='lat' dir='ltr'><strong>propter</strong></span> <span class='ocrx_word' id='word_1_550' title='bbox 738 4047 926 4102; x_wconf 69' lang='lat' dir='ltr'><strong>detractionem</strong></span> <span class='ocrx_word' id='word_1_551' title='bbox 945 4048 1067 4103; x_wconf 77' lang='lat' dir='ltr'><strong>falcidiae</strong></span> <span class='ocrx_word' id='word_1_552' title='bbox 1085 4051 1118 4102; x_wconf 85' lang='lat' dir='ltr'><strong>ah</strong></span> <span class='ocrx_word' id='word_1_553' title='bbox 1136 4047 1249 4103; x_wconf 87' lang='lat' dir='ltr'><strong>haerede</strong></span> <span class='ocrx_word' id='word_1_554' title='bbox 1266 4047 1343 4101; x_wconf 79' lang='lat' dir='ltr'><strong>facte.</strong></span> 
     </span>
    </p>

    <p class='ocr_par' dir='ltr' id='par_1_22' title="bbox 566 4129 1970 4204">
     <span class='ocr_line' id='line_1_47' title="bbox 566 4129 1970 4204; baseline 0.001 -21"><span class='ocrx_word' id='word_1_555' title='bbox 566 4141 589 4196; x_wconf 75' lang='grc' dir='ltr'><strong>ς.</strong></span> <span class='ocrx_word' id='word_1_556' title='bbox 609 4133 670 4186; x_wconf 74' lang='lat'><strong>1⁰2.</strong></span> <span class='ocrx_word' id='word_1_557' title='bbox 689 4133 720 4184; x_wconf 90' lang='lat' dir='ltr'><strong>ln</strong></span> <span class='ocrx_word' id='word_1_558' title='bbox 740 4133 867 4200; x_wconf 71' lang='lat' dir='ltr'><strong>singulari</strong></span> <span class='ocrx_word' id='word_1_559' title='bbox 886 4129 1094 4186; x_wconf 81' lang='lat' dir='ltr'><strong>fideicommiaso</strong></span> <span class='ocrx_word' id='word_1_560' title='bbox 1112 4134 1197 4187; x_wconf 85' lang='lat' dir='ltr'><strong>serius</strong></span> <span class='ocrx_word' id='word_1_561' title='bbox 1214 4131 1331 4199; x_wconf 76' lang='lat' dir='ltr'><strong>falcidia,</strong></span> <span class='ocrx_word' id='word_1_562' title='bbox 1348 4151 1426 4204; x_wconf 83' lang='lat' dir='ltr'><strong>quem</strong></span> <span class='ocrx_word' id='word_1_563' title='bbox 1447 4131 1624 4186; x_wconf 85' lang='lat' dir='ltr'><strong>trebellianica</strong></span> <span class='ocrx_word' id='word_1_564' title='bbox 1642 4133 1727 4186; x_wconf 82' lang='lat' dir='ltr'><strong>locunt</strong></span> <span class='ocrx_word' id='word_1_565' title='bbox 1745 4131 1840 4185; x_wconf 86' lang='lat' dir='ltr'><strong>hahere</strong></span> <span class='ocrx_word' id='word_1_566' title='bbox 1852 4130 1970 4186; x_wconf 86' lang='lat' dir='ltr'><strong>ridetur.</strong></span> 
     </span>
    </p>

    <p class='ocr_par' dir='ltr' id='par_1_23' title="bbox 288 4215 1970 4374">
     <span class='ocr_line' id='line_1_48' title="bbox 336 4215 1968 4286; baseline -0.004 -13"><span class='ocrx_word' id='word_1_567' title='bbox 336 4239 384 4283; x_wconf 69' lang='lat' dir='ltr'><strong>Tu,</strong></span> <span class='ocrx_word' id='word_1_568' title='bbox 401 4235 441 4284; x_wconf 76' lang='lat'><strong>25.</strong></span> <span class='ocrx_word' id='word_1_569' title='bbox 566 4221 590 4286; x_wconf 76' lang='grc' dir='ltr'><strong>ς.</strong></span> <span class='ocrx_word' id='word_1_570' title='bbox 612 4220 673 4272; x_wconf 85' lang='grc' dir='ltr'><strong>ιο3.</strong></span> <span class='ocrx_word' id='word_1_571' title='bbox 692 4219 722 4272; x_wconf 93' lang='lat' dir='ltr'><strong>lu</strong></span> <span class='ocrx_word' id='word_1_572' title='bbox 741 4219 871 4272; x_wconf 88' lang='lat' dir='ltr'><strong>codicillis</strong></span> <span class='ocrx_word' id='word_1_573' title='bbox 889 4218 953 4271; x_wconf 90' lang='lat' dir='ltr'><strong>licet</strong></span> <span class='ocrx_word' id='word_1_574' title='bbox 971 4237 1023 4271; x_wconf 91' lang='lat' dir='ltr'><strong>nou</strong></span> <span class='ocrx_word' id='word_1_575' title='bbox 1041 4219 1077 4270; x_wconf 91' lang='lat' dir='ltr'><strong>sit</strong></span> <span class='ocrx_word' id='word_1_576' title='bbox 1096 4217 1246 4272; x_wconf 84' lang='lat' dir='ltr'><strong>solemnitas</strong></span> <span class='ocrx_word' id='word_1_577' title='bbox 1262 4217 1445 4282; x_wconf 86' lang='lat' dir='ltr'><strong>ordinationis,</strong></span> <span class='ocrx_word' id='word_1_578' title='bbox 1464 4218 1532 4270; x_wconf 89' lang='lat' dir='ltr'><strong>bene</strong></span> <span class='ocrx_word' id='word_1_579' title='bbox 1550 4225 1637 4270; x_wconf 86' lang='lat' dir='ltr'><strong>tamen</strong></span> <span class='ocrx_word' id='word_1_580' title='bbox 1655 4229 1694 4272; x_wconf 89' lang='lat' dir='ltr'><strong>est</strong></span> <span class='ocrx_word' id='word_1_581' title='bbox 1712 4217 1860 4271; x_wconf 81' lang='lat' dir='ltr'><strong>solemnitas</strong></span> <span class='ocrx_word' id='word_1_582' title='bbox 1873 4215 1968 4285; x_wconf 77' lang='lat' dir='ltr'><strong>prohn-</strong></span> 
     </span>
     <span class='ocr_line' id='line_1_49' title="bbox 288 4298 1970 4374; baseline -0.004 -17"><span class='ocrx_word' id='word_1_583' title='bbox 288 4303 324 4345; x_wconf 80' lang='lat' dir='ltr'><strong>De</strong></span> <span class='ocrx_word' id='word_1_584' title='bbox 335 4301 457 4347; x_wconf 72' lang='lat' dir='ltr'><strong>contectus.</strong></span> <span class='ocrx_word' id='word_1_585' title='bbox 532 4303 623 4356; x_wconf 89' lang='lat' dir='ltr'><strong>tionis.</strong></span> <span class='ocrx_word' id='word_1_586' title='bbox 636 4304 702 4356; x_wconf 83' lang='lat' dir='ltr'><strong>Nam</strong></span> <span class='ocrx_word' id='word_1_587' title='bbox 723 4305 803 4356; x_wconf 88' lang='lat' dir='ltr'><strong>unico</strong></span> <span class='ocrx_word' id='word_1_588' title='bbox 820 4311 945 4356; x_wconf 86' lang='lat' dir='ltr'><strong>contextu</strong></span> <span class='ocrx_word' id='word_1_589' title='bbox 963 4301 1021 4356; x_wconf 85' lang='lat' dir='ltr'><strong>lieri</strong></span> <span class='ocrx_word' id='word_1_590' title='bbox 1042 4299 1127 4366; x_wconf 83' lang='lat' dir='ltr'><strong>dehet,</strong></span> <span class='ocrx_word' id='word_1_591' title='bbox 1145 4304 1191 4357; x_wconf 89' lang='lat' dir='ltr'><strong>aad</strong></span> <span class='ocrx_word' id='word_1_592' title='bbox 1211 4319 1264 4356; x_wconf 93' lang='lat' dir='ltr'><strong>non</strong></span> <span class='ocrx_word' id='word_1_593' title='bbox 1282 4320 1347 4374; x_wconf 87' lang='lat' dir='ltr'><strong>opus</strong></span> <span class='ocrx_word' id='word_1_594' title='bbox 1366 4313 1414 4367; x_wconf 81' lang='lat' dir='ltr'><strong>est,</strong></span> <span class='ocrx_word' id='word_1_595' title='bbox 1432 4311 1462 4355; x_wconf 92' lang='lat' dir='ltr'><strong>ut</strong></span> <span class='ocrx_word' id='word_1_596' title='bbox 1481 4311 1559 4356; x_wconf 88' lang='lat' dir='ltr'><strong>testes</strong></span> <span class='ocrx_word' id='word_1_597' title='bbox 1578 4302 1729 4370; x_wconf 83' lang='lat' dir='ltr'><strong>specialiter</strong></span> <span class='ocrx_word' id='word_1_598' title='bbox 1746 4298 1970 4370; x_wconf 63' lang='lat' dir='ltr'><strong>cognitionum</strong></span> 
     </span>
    </p>

    <p class='ocr_par' dir='ltr' id='par_1_24' title="bbox 508 4383 1496 4458">
     <span class='ocr_line' id='line_1_50' title="bbox 508 4383 1496 4458; baseline -0.004 -12"><span class='ocrx_word' id='word_1_599' title='bbox 508 4390 597 4458; x_wconf 72' lang='lat' dir='ltr'><strong>cunt</strong></span> <span class='ocrx_word' id='word_1_600' title='bbox 617 4405 708 4442; x_wconf 85' lang='lat' dir='ltr'><strong>ornnes</strong></span> <span class='ocrx_word' id='word_1_601' title='bbox 727 4405 812 4440; x_wconf 87' lang='lat' dir='ltr'><strong>mares</strong></span> <span class='ocrx_word' id='word_1_602' title='bbox 832 4387 893 4452; x_wconf 82' lang='lat' dir='ltr'><strong>sint,</strong></span> <span class='ocrx_word' id='word_1_603' title='bbox 912 4387 956 4441; x_wconf 81' lang='lat' dir='ltr'><strong>sed</strong></span> <span class='ocrx_word' id='word_1_604' title='bbox 975 4383 1075 4441; x_wconf 81' lang='lat' dir='ltr'><strong>sufficit</strong></span> <span class='ocrx_word' id='word_1_605' title='bbox 1092 4388 1114 4438; x_wconf 91' lang='lat' dir='ltr'><strong>si</strong></span> <span class='ocrx_word' id='word_1_606' title='bbox 1133 4405 1225 4442; x_wconf 88' lang='lat' dir='ltr'><strong>omnes</strong></span> <span class='ocrx_word' id='word_1_607' title='bbox 1243 4387 1341 4442; x_wconf 80' lang='lat' dir='ltr'><strong>luerint</strong></span> <span class='ocrx_word' id='word_1_608' title='bbox 1359 4387 1496 4442; x_wconf 85' lang='lat' dir='ltr'><strong>ioemiuae.</strong></span> 
     </span>
    </p>
   </div>
   <div class='ocr_carea' id='block_1_5' title="bbox 567 4469 1946 4542">
    <p class='ocr_par' dir='ltr' id='par_1_25' title="bbox 567 4469 1946 4542">
     <span class='ocr_line' id='line_1_51' title="bbox 567 4469 1946 4542; baseline -0.001 -18"><span class='ocrx_word' id='word_1_609' title='bbox 567 4475 588 4540; x_wconf 83' lang='lat'><strong>§.</strong></span> <span class='ocrx_word' id='word_1_610' title='bbox 610 4473 669 4525; x_wconf 81' lang='lat' dir='ltr'><strong>tot.</strong></span> <span class='ocrx_word' id='word_1_611' title='bbox 687 4471 805 4524; x_wconf 80' lang='lat' dir='ltr'><strong>ctausuta</strong></span> <span class='ocrx_word' id='word_1_612' title='bbox 822 4471 982 4526; x_wconf 89' lang='lat' dir='ltr'><strong>codicillsris</strong></span> <span class='ocrx_word' id='word_1_613' title='bbox 1000 4469 1045 4524; x_wconf 88' lang='lat' dir='ltr'><strong>nbi</strong></span> <span class='ocrx_word' id='word_1_614' title='bbox 1065 4472 1185 4534; x_wconf 81' lang='lat' dir='ltr'><strong>uoluntas</strong></span> <span class='ocrx_word' id='word_1_615' title='bbox 1203 4474 1337 4526; x_wconf 79' lang='lat' dir='ltr'><strong>tentatoria</strong></span> <span class='ocrx_word' id='word_1_616' title='bbox 1354 4471 1407 4526; x_wconf 85' lang='lat' dir='ltr'><strong>tuis</strong></span> <span class='ocrx_word' id='word_1_617' title='bbox 1423 4471 1588 4541; x_wconf 74' lang='lat' dir='ltr'><strong>imperfecte,</strong></span> <span class='ocrx_word' id='word_1_618' title='bbox 1608 4470 1740 4526; x_wconf 84' lang='lat' dir='ltr'><strong>delectum</strong></span> <span class='ocrx_word' id='word_1_619' title='bbox 1760 4487 1814 4523; x_wconf 85' lang='lat' dir='ltr'><strong>nun</strong></span> <span class='ocrx_word' id='word_1_620' title='bbox 1833 4471 1946 4542; x_wconf 83' lang='lat' dir='ltr'><strong>supplet.</strong></span> 
     </span>
    </p>
   </div>
   <div class='ocr_carea' id='block_1_6' title="bbox 719 4621 1777 4696">
    <p class='ocr_par' dir='ltr' id='par_1_26' title="bbox 719 4621 1777 4696">
     <span class='ocr_line' id='line_1_52' title="bbox 719 4621 1777 4696; baseline -0.004 0"><span class='ocrx_word' id='word_1_621' title='bbox 719 4627 947 4696; x_wconf 84' lang='lat' dir='ltr'><strong>EX‘LlBRO</strong></span> <span class='ocrx_word' id='word_1_622' title='bbox 969 4623 1033 4693; x_wconf 83' lang='grc' dir='ltr'><em>ΙΙΙ.</em></span> <span class='ocrx_word' id='word_1_623' title='bbox 1060 4624 1425 4695; x_wconf 81' lang='lat' dir='ltr'><strong>tttsTthJTtotttttt</strong></span> <span class='ocrx_word' id='word_1_624' title='bbox 1449 4621 1777 4696; x_wconf 73' lang='lat' dir='ltr'><strong>lttPtcttttLttttt.</strong></span> 
     </span>
    </p>
   </div>
   <div class='ocr_carea' id='block_1_7' title="bbox 887 4778 1618 4836">
    <p class='ocr_par' dir='ltr' id='par_1_27' title="bbox 887 4778 1618 4836">
     <span class='ocr_line' id='line_1_53' title="bbox 887 4778 1618 4836; baseline 0.003 -2"><span class='ocrx_word' id='word_1_625' title='bbox 887 4779 927 4833; x_wconf 81' lang='lat' dir='ltr'><strong>Ex</strong></span> <span class='ocrx_word' id='word_1_626' title='bbox 945 4780 1044 4834; x_wconf 78' lang='lat' dir='ltr'><strong>novella</strong></span> <span class='ocrx_word' id='word_1_627' title='bbox 1063 4779 1126 4832; x_wconf 84' lang='lat'><strong>118.</strong></span> <span class='ocrx_word' id='word_1_628' title='bbox 1143 4779 1189 4834; x_wconf 85' lang='lat' dir='ltr'><strong>De</strong></span> <span class='ocrx_word' id='word_1_629' title='bbox 1205 4778 1375 4836; x_wconf 73' lang='lat' dir='ltr'><strong>successione</strong></span> <span class='ocrx_word' id='word_1_630' title='bbox 1393 4779 1618 4836; x_wconf 77' lang='lat' dir='ltr'><strong>descendentium.</strong></span> 
     </span>
    </p>
   </div>
   <div class='ocr_carea' id='block_1_8' title="bbox 534 4889 1969 5284">
    <p class='ocr_par' dir='ltr' id='par_1_28' title="bbox 534 4889 1969 5284">
     <span class='ocr_line' id='line_1_54' title="bbox 568 4889 1969 4964; baseline -0.003 -18"><span class='ocrx_word' id='word_1_631' title='bbox 568 4891 591 4964; x_wconf 69' lang='grc' dir='ltr'><strong>ξ.</strong></span> <span class='ocrx_word' id='word_1_632' title='bbox 612 4893 672 4946; x_wconf 77' lang='grc'><em>101.</em></span> <span class='ocrx_word' id='word_1_633' title='bbox 691 4893 842 4963; x_wconf 72' lang='lat' dir='ltr'><strong>legitimari</strong></span> <span class='ocrx_word' id='word_1_634' title='bbox 869 4909 915 4962; x_wconf 89' lang='lat' dir='ltr'><strong>per</strong></span> <span class='ocrx_word' id='word_1_635' title='bbox 940 4892 1098 4962; x_wconf 83' lang='lat' dir='ltr'><strong>rescriptum</strong></span> <span class='ocrx_word' id='word_1_636' title='bbox 1120 4891 1263 4962; x_wconf 84' lang='lat' dir='ltr'><strong>principis,</strong></span> <span class='ocrx_word' id='word_1_637' title='bbox 1282 4891 1305 4944; x_wconf 88' lang='lat' dir='ltr'><strong>si</strong></span> <span class='ocrx_word' id='word_1_638' title='bbox 1325 4891 1353 4944; x_wconf 91' lang='lat' dir='ltr'><strong>id</strong></span> <span class='ocrx_word' id='word_1_639' title='bbox 1372 4901 1445 4962; x_wconf 88' lang='lat' dir='ltr'><strong>pater</strong></span> <span class='ocrx_word' id='word_1_640' title='bbox 1463 4892 1637 4959; x_wconf 83' lang='lat' dir='ltr'><strong>desiderarit,</strong></span> <span class='ocrx_word' id='word_1_641' title='bbox 1654 4900 1680 4946; x_wconf 88' lang='lat' dir='ltr'><strong>et</strong></span> <span class='ocrx_word' id='word_1_642' title='bbox 1698 4890 1822 4962; x_wconf 80' lang='lat' dir='ltr'><strong>princepe</strong></span> <span class='ocrx_word' id='word_1_643' title='bbox 1839 4889 1969 4958; x_wconf 82' lang='lat' dir='ltr'><strong>soluerit,</strong></span> 
     </span>
     <span class='ocr_line' id='line_1_55' title="bbox 534 4975 1319 5046; baseline -0.003 -14"><span class='ocrx_word' id='word_1_644' title='bbox 534 4981 614 5032; x_wconf 83' lang='lat' dir='ltr'><strong>etiarn</strong></span> <span class='ocrx_word' id='word_1_645' title='bbox 634 4997 694 5031; x_wconf 90' lang='lat' dir='ltr'><strong>curn</strong></span> <span class='ocrx_word' id='word_1_646' title='bbox 714 4980 775 5032; x_wconf 89' lang='lat' dir='ltr'><strong>aliis</strong></span> <span class='ocrx_word' id='word_1_647' title='bbox 793 4978 885 5032; x_wconf 91' lang='lat' dir='ltr'><strong>liberis</strong></span> <span class='ocrx_word' id='word_1_648' title='bbox 903 4977 1030 5046; x_wconf 70' lang='lat' dir='ltr'><strong>legitimis</strong></span> <span class='ocrx_word' id='word_1_649' title='bbox 1050 4975 1187 5030; x_wconf 86' lang='lat' dir='ltr'><strong>succedere</strong></span> <span class='ocrx_word' id='word_1_650' title='bbox 1204 4988 1319 5046; x_wconf 80' lang='lat' dir='ltr'><strong>possunt.</strong></span> 
     </span>
     <span class='ocr_line' id='line_1_56' title="bbox 568 5058 1968 5132; baseline -0.003 -17"><span class='ocrx_word' id='word_1_651' title='bbox 568 5067 592 5130; x_wconf 76' lang='grc' dir='ltr'><strong>ς.</strong></span> <span class='ocrx_word' id='word_1_652' title='bbox 613 5065 671 5116; x_wconf 88' lang='grc'><em>100.</em></span> <span class='ocrx_word' id='word_1_653' title='bbox 691 5062 862 5117; x_wconf 78' lang='lat' dir='ltr'><strong>Anthenticae</strong></span> <span class='ocrx_word' id='word_1_654' title='bbox 880 5079 916 5115; x_wconf 83' lang='lat' dir='ltr'><strong>ess</strong></span> <span class='ocrx_word' id='word_1_655' title='bbox 932 5062 1083 5131; x_wconf 76' lang='lat' dir='ltr'><strong>compleres.</strong></span> <span class='ocrx_word' id='word_1_656' title='bbox 1100 5059 1158 5114; x_wconf 83' lang='lat' dir='ltr'><strong>cod.</strong></span> <span class='ocrx_word' id='word_1_657' title='bbox 1177 5062 1215 5114; x_wconf 84' lang='lat' dir='ltr'><strong>ud</strong></span> <span class='ocrx_word' id='word_1_658' title='bbox 1232 5061 1250 5112; x_wconf 88' lang='lat' dir='ltr'><strong>l.</strong></span> <span class='ocrx_word' id='word_1_659' title='bbox 1271 5065 1296 5112; x_wconf 86' lang='lat'><strong>1.</strong></span> <span class='ocrx_word' id='word_1_660' title='bbox 1314 5058 1348 5115; x_wconf 85' lang='lat' dir='ltr'><strong>de</strong></span> <span class='ocrx_word' id='word_1_661' title='bbox 1368 5061 1453 5116; x_wconf 86' lang='lat' dir='ltr'><strong>cdnlt.</strong></span> <span class='ocrx_word' id='word_1_662' title='bbox 1470 5080 1518 5132; x_wconf 87' lang='lat' dir='ltr'><strong>qna</strong></span> <span class='ocrx_word' id='word_1_663' title='bbox 1537 5061 1631 5114; x_wconf 84' lang='lat' dir='ltr'><strong>liheeis</strong></span> <span class='ocrx_word' id='word_1_664' title='bbox 1653 5059 1811 5114; x_wconf 82' lang='lat' dir='ltr'><strong>incestuosis</strong></span> <span class='ocrx_word' id='word_1_665' title='bbox 1836 5059 1968 5114; x_wconf 79' lang='lat' dir='ltr'><strong>successio</strong></span> 
     </span>
     <span class='ocr_line' id='line_1_57' title="bbox 535 5145 1798 5218; baseline 0 -18"><span class='ocrx_word' id='word_1_666' title='bbox 535 5161 559 5203; x_wconf 93' lang='lat' dir='ltr'><strong>et</strong></span> <span class='ocrx_word' id='word_1_667' title='bbox 577 5150 702 5202; x_wconf 88' lang='lat' dir='ltr'><strong>alimenta</strong></span> <span class='ocrx_word' id='word_1_668' title='bbox 722 5151 891 5218; x_wconf 79' lang='lat' dir='ltr'><strong>denegentur,</strong></span> <span class='ocrx_word' id='word_1_669' title='bbox 909 5146 978 5200; x_wconf 90' lang='lat' dir='ltr'><strong>nihil</strong></span> <span class='ocrx_word' id='word_1_670' title='bbox 997 5146 1084 5215; x_wconf 83' lang='lat' dir='ltr'><strong>iniqui</strong></span> <span class='ocrx_word' id='word_1_671' title='bbox 1102 5145 1196 5212; x_wconf 67' lang='lat' dir='ltr'><strong>habeta</strong></span> <span class='ocrx_word' id='word_1_672' title='bbox 1213 5145 1338 5217; x_wconf 84' lang='lat' dir='ltr'><strong>quoniam</strong></span> <span class='ocrx_word' id='word_1_673' title='bbox 1357 5157 1476 5215; x_wconf 84' lang='lat' dir='ltr'><strong>perantes</strong></span> <span class='ocrx_word' id='word_1_674' title='bbox 1495 5147 1522 5200; x_wconf 93' lang='lat' dir='ltr'><strong>iu</strong></span> <span class='ocrx_word' id='word_1_675' title='bbox 1542 5147 1634 5201; x_wconf 88' lang='lat' dir='ltr'><strong>liberis</strong></span> <span class='ocrx_word' id='word_1_676' title='bbox 1652 5145 1798 5218; x_wconf 79' lang='lat' dir='ltr'><strong>patiuntur.</strong></span> 
     </span>
     <span class='ocr_line' id='line_1_58' title="bbox 1024 5229 1482 5284; baseline -0.002 -2"><span class='ocrx_word' id='word_1_677' title='bbox 1024 5231 1069 5282; x_wconf 87' lang='lat' dir='ltr'><strong>De</strong></span> <span class='ocrx_word' id='word_1_678' title='bbox 1085 5231 1255 5283; x_wconf 85' lang='lat' dir='ltr'><strong>successione</strong></span> <span class='ocrx_word' id='word_1_679' title='bbox 1273 5229 1482 5284; x_wconf 80' lang='lat' dir='ltr'><strong>ascendentium.</strong></span> 
     </span>
    </p>
   </div>
   <div class='ocr_carea' id='block_1_9' title="bbox 536 5310 1969 5468">
    <p class='ocr_par' dir='ltr' id='par_1_29' title="bbox 536 5310 1969 5468">
     <span class='ocr_line' id='line_1_59' title="bbox 572 5310 1969 5387; baseline -0.001 -19"><span class='ocrx_word' id='word_1_680' title='bbox 572 5323 594 5379; x_wconf 74' lang='grc' dir='ltr'><em>ς.</em></span> <span class='ocrx_word' id='word_1_681' title='bbox 611 5317 671 5370; x_wconf 80' lang='grc'><em>107.</em></span> <span class='ocrx_word' id='word_1_682' title='bbox 690 5317 793 5369; x_wconf 80' lang='lat' dir='ltr'><strong>Fratres</strong></span> <span class='ocrx_word' id='word_1_683' title='bbox 811 5331 871 5368; x_wconf 84' lang='lat' dir='ltr'><strong>cnm</strong></span> <span class='ocrx_word' id='word_1_684' title='bbox 890 5314 1044 5386; x_wconf 87' lang='lat' dir='ltr'><strong>parentibus</strong></span> <span class='ocrx_word' id='word_1_685' title='bbox 1061 5314 1211 5384; x_wconf 82' lang='lat' dir='ltr'><strong>aequaliter,</strong></span> <span class='ocrx_word' id='word_1_686' title='bbox 1229 5325 1255 5370; x_wconf 92' lang='lat' dir='ltr'><strong>et</strong></span> <span class='ocrx_word' id='word_1_687' title='bbox 1273 5315 1302 5368; x_wconf 92' lang='lat' dir='ltr'><strong>iu</strong></span> <span class='ocrx_word' id='word_1_688' title='bbox 1320 5317 1402 5387; x_wconf 83' lang='lat' dir='ltr'><strong>capite</strong></span> <span class='ocrx_word' id='word_1_689' title='bbox 1421 5315 1560 5373; x_wconf 86' lang='lat' dir='ltr'><strong>succedant</strong></span> <span class='ocrx_word' id='word_1_690' title='bbox 1576 5317 1710 5385; x_wconf 82' lang='lat' dir='ltr'><strong>defuneto,</strong></span> <span class='ocrx_word' id='word_1_691' title='bbox 1727 5314 1839 5372; x_wconf 76' lang='lat' dir='ltr'><strong>fratrum</strong></span> <span class='ocrx_word' id='word_1_692' title='bbox 1859 5331 1919 5371; x_wconf 89' lang='lat' dir='ltr'><strong>sero</strong></span> <span class='ocrx_word' id='word_1_693' title='bbox 1936 5310 1969 5366; x_wconf 79' lang='lat' dir='ltr'><strong>fi-</strong></span> 
     </span>
     <span class='ocr_line' id='line_1_60' title="bbox 536 5397 1127 5468; baseline 0.002 -16"><span class='ocrx_word' id='word_1_694' title='bbox 536 5401 567 5452; x_wconf 91' lang='lat' dir='ltr'><strong>lii</strong></span> <span class='ocrx_word' id='word_1_695' title='bbox 587 5403 609 5452; x_wconf 90' lang='lat' dir='ltr'><strong>si</strong></span> <span class='ocrx_word' id='word_1_696' title='bbox 629 5410 798 5462; x_wconf 81' lang='lat' dir='ltr'><strong>concurrant,</strong></span> <span class='ocrx_word' id='word_1_697' title='bbox 816 5400 957 5452; x_wconf 74' lang='lat' dir='ltr'><strong>antecedunt</strong></span> <span class='ocrx_word' id='word_1_698' title='bbox 975 5401 1003 5450; x_wconf 90' lang='lat' dir='ltr'><strong>iu</strong></span> <span class='ocrx_word' id='word_1_699' title='bbox 1023 5397 1127 5468; x_wconf 89' lang='lat' dir='ltr'><strong>stirpes.</strong></span> 
     </span>
    </p>
   </div>
   <div class='ocr_carea' id='block_1_10' title="bbox 571 5479 1974 5556">
    <p class='ocr_par' dir='ltr' id='par_1_30' title="bbox 571 5479 1974 5556">
     <span class='ocr_line' id='line_1_61' title="bbox 571 5479 1974 5556; baseline 0.002 -23"><span class='ocrx_word' id='word_1_700' title='bbox 571 5486 595 5551; x_wconf 84' lang='lat'><strong>§.</strong></span> <span class='ocrx_word' id='word_1_701' title='bbox 614 5485 676 5536; x_wconf 82' lang='grc'><em>108.</em></span> <span class='ocrx_word' id='word_1_702' title='bbox 696 5485 770 5538; x_wconf 88' lang='lat' dir='ltr'><strong>Pater</strong></span> <span class='ocrx_word' id='word_1_703' title='bbox 788 5482 925 5554; x_wconf 77' lang='lat' dir='ltr'><strong>adoptivus</strong></span> <span class='ocrx_word' id='word_1_704' title='bbox 942 5495 1081 5538; x_wconf 82' lang='lat' dir='ltr'><strong>extraneus</strong></span> <span class='ocrx_word' id='word_1_705' title='bbox 1097 5501 1155 5536; x_wconf 85' lang='lat' dir='ltr'><strong>cnm</strong></span> <span class='ocrx_word' id='word_1_706' title='bbox 1176 5493 1284 5556; x_wconf 87' lang='lat' dir='ltr'><strong>pereute</strong></span> <span class='ocrx_word' id='word_1_707' title='bbox 1299 5487 1412 5540; x_wconf 86' lang='lat' dir='ltr'><strong>naturali</strong></span> <span class='ocrx_word' id='word_1_708' title='bbox 1432 5503 1486 5541; x_wconf 88' lang='lat' dir='ltr'><strong>nou</strong></span> <span class='ocrx_word' id='word_1_709' title='bbox 1503 5486 1616 5542; x_wconf 86' lang='lat' dir='ltr'><strong>succedit</strong></span> <span class='ocrx_word' id='word_1_710' title='bbox 1633 5483 1694 5539; x_wconf 81' lang='lat' dir='ltr'><strong>tilio</strong></span> <span class='ocrx_word' id='word_1_711' title='bbox 1711 5481 1833 5553; x_wconf 84' lang='lat' dir='ltr'><strong>adeptiru</strong></span> <span class='ocrx_word' id='word_1_712' title='bbox 1851 5481 1884 5535; x_wconf 83' lang='lat' dir='ltr'><strong>ah</strong></span> <span class='ocrx_word' id='word_1_713' title='bbox 1903 5479 1974 5536; x_wconf 86' lang='lat' dir='ltr'><strong>inte·</strong></span> 
     </span>
    </p>
   </div>
   <div class='ocr_carea' id='block_1_11' title="bbox 537 5566 1975 5722">
    <p class='ocr_par' dir='ltr' id='par_1_31' title="bbox 537 5566 1975 5722">
     <span class='ocr_line' id='line_1_62' title="bbox 538 5566 1975 5643; baseline 0.001 -23"><span class='ocrx_word' id='word_1_714' title='bbox 538 5579 619 5630; x_wconf 80' lang='lat' dir='ltr'><strong>stato,</strong></span> <span class='ocrx_word' id='word_1_715' title='bbox 643 5567 687 5620; x_wconf 83' lang='lat' dir='ltr'><strong>sed</strong></span> <span class='ocrx_word' id='word_1_716' title='bbox 706 5588 719 5619; x_wconf 84' lang='lat' dir='ltr'><strong>a</strong></span> <span class='ocrx_word' id='word_1_717' title='bbox 739 5577 846 5638; x_wconf 87' lang='lat' dir='ltr'><strong>parente</strong></span> <span class='ocrx_word' id='word_1_718' title='bbox 873 5568 985 5621; x_wconf 88' lang='lat' dir='ltr'><strong>naturali</strong></span> <span class='ocrx_word' id='word_1_719' title='bbox 1007 5567 1164 5624; x_wconf 78' lang='lat' dir='ltr'><strong>excluditur.</strong></span> <span class='ocrx_word' id='word_1_720' title='bbox 1183 5570 1261 5623; x_wconf 84' lang='lat' dir='ltr'><strong>Pater</strong></span> <span class='ocrx_word' id='word_1_721' title='bbox 1277 5589 1338 5626; x_wconf 83' lang='lat' dir='ltr'><strong>sero</strong></span> <span class='ocrx_word' id='word_1_722' title='bbox 1356 5571 1493 5643; x_wconf 77' lang='lat' dir='ltr'><strong>adoptivus</strong></span> <span class='ocrx_word' id='word_1_723' title='bbox 1510 5575 1539 5629; x_wconf 86' lang='lat' dir='ltr'><strong>in</strong></span> <span class='ocrx_word' id='word_1_724' title='bbox 1558 5573 1659 5628; x_wconf 81' lang='lat' dir='ltr'><strong>familia</strong></span> <span class='ocrx_word' id='word_1_725' title='bbox 1676 5587 1735 5626; x_wconf 81' lang='lat' dir='ltr'><strong>cum</strong></span> <span class='ocrx_word' id='word_1_726' title='bbox 1760 5579 1834 5639; x_wconf 87' lang='lat' dir='ltr'><strong>petre</strong></span> <span class='ocrx_word' id='word_1_727' title='bbox 1858 5566 1975 5622; x_wconf 87' lang='lat' dir='ltr'><strong>unturali</strong></span> 
     </span>
     <span class='ocr_line' id='line_1_63' title="bbox 537 5652 961 5722; baseline -0.005 -17"><span class='ocrx_word' id='word_1_728' title='bbox 537 5654 678 5722; x_wconf 86' lang='lat' dir='ltr'><strong>aequaliter</strong></span> <span class='ocrx_word' id='word_1_729' title='bbox 695 5653 819 5722; x_wconf 79' lang='lat' dir='ltr'><strong>adoptivo</strong></span> <span class='ocrx_word' id='word_1_730' title='bbox 836 5652 961 5708; x_wconf 86' lang='lat' dir='ltr'><strong>succedit.</strong></span> 
     </span>
    </p>
   </div>
   <div class='ocr_carea' id='block_1_12' title="bbox 577 5735 1974 5900">
    <p class='ocr_par' dir='ltr' id='par_1_32' title="bbox 577 5735 1974 5900">
     <span class='ocr_line' id='line_1_64' title="bbox 1025 5735 1481 5816; baseline 0.009 -24"><span class='ocrx_word' id='word_1_731' title='bbox 1025 5739 1071 5792; x_wconf 83' lang='lat' dir='ltr'><strong>De</strong></span> <span class='ocrx_word' id='word_1_732' title='bbox 1088 5735 1256 5791; x_wconf 88' lang='lat' dir='ltr'><strong>successione</strong></span> <span class='ocrx_word' id='word_1_733' title='bbox 1273 5740 1481 5816; x_wconf 77' lang='lat' dir='ltr'><strong>collateralium.</strong></span> 
     </span>
     <span class='ocr_line' id='line_1_65' title="bbox 577 5817 1974 5900; baseline 0.005 -24"><span class='ocrx_word' id='word_1_734' title='bbox 577 5829 599 5887; x_wconf 76' lang='grc' dir='ltr'><strong>ς.</strong></span> <span class='ocrx_word' id='word_1_735' title='bbox 618 5823 679 5876; x_wconf 86' lang='grc'><em>109.</em></span> <span class='ocrx_word' id='word_1_736' title='bbox 696 5820 818 5878; x_wconf 78' lang='lat' dir='ltr'><strong>Fratrum</strong></span> <span class='ocrx_word' id='word_1_737' title='bbox 838 5817 889 5876; x_wconf 78' lang='lat' dir='ltr'><strong>filii</strong></span> <span class='ocrx_word' id='word_1_738' title='bbox 908 5822 932 5876; x_wconf 86' lang='lat' dir='ltr'><strong>si</strong></span> <span class='ocrx_word' id='word_1_739' title='bbox 950 5839 1008 5878; x_wconf 89' lang='lat' dir='ltr'><strong>cum</strong></span> <span class='ocrx_word' id='word_1_740' title='bbox 1028 5825 1149 5898; x_wconf 81' lang='lat' dir='ltr'><strong>propriis</strong></span> <span class='ocrx_word' id='word_1_741' title='bbox 1166 5821 1258 5889; x_wconf 80' lang='grc' dir='ltr'><strong>Θιιοις</strong></span> <span class='ocrx_word' id='word_1_742' title='bbox 1278 5829 1376 5899; x_wconf 87' lang='lat' dir='ltr'><strong>patruis</strong></span> <span class='ocrx_word' id='word_1_743' title='bbox 1393 5839 1436 5884; x_wconf 80' lang='lat' dir='ltr'><strong>aus</strong></span> <span class='ocrx_word' id='word_1_744' title='bbox 1462 5826 1596 5884; x_wconf 74' lang='lat' dir='ltr'><strong>avunculis</strong></span> <span class='ocrx_word' id='word_1_745' title='bbox 1621 5837 1794 5898; x_wconf 80' lang='lat' dir='ltr'><strong>enumerent,</strong></span> <span class='ocrx_word' id='word_1_746' title='bbox 1819 5826 1848 5886; x_wconf 93' lang='lat' dir='ltr'><strong>lu</strong></span> <span class='ocrx_word' id='word_1_747' title='bbox 1874 5823 1974 5900; x_wconf 87' lang='lat' dir='ltr'><strong>stirpes</strong></span> 
     </span>
    </p>
   </div>
   <div class='ocr_carea' id='block_1_13' title="bbox 0 0 2194 6164">
    <p class='ocr_par' dir='ltr' id='par_1_33' title="bbox 0 0 2194 6164">
     <span class='ocr_line' id='line_1_66' title="bbox 0 0 2194 6164; baseline 0 0"><span class='ocrx_word' id='word_1_748' title='bbox 0 0 2194 6164; x_wconf 95' lang='lat' dir='ltr'><strong> </strong></span> 
     </span>
    </p>
   </div>
  </div>
 </body>
</html>
