<?xml version="1.0" encoding="UTF-8"?>
<!DOCTYPE html PUBLIC "-//W3C//DTD XHTML 1.0 Transitional//EN"
    "http://www.w3.org/TR/xhtml1/DTD/xhtml1-transitional.dtd">
<html xmlns="http://www.w3.org/1999/xhtml" xml:lang="en" lang="en">
 <head>
  <title>
</title>
<meta http-equiv="Content-Type" content="text/html;charset=utf-8" />
  <meta name='ocr-system' content='tesseract 3.04.00' />
  <meta name='ocr-capabilities' content='ocr_page ocr_carea ocr_par ocr_line ocrx_word'/>
</head>
<body>
  <div class='ocr_page' id='page_1' title='image "./samuelisstrykii05schogoog_0011.png"; bbox 0 0 4336 6170; ppageno 0'>
   <div class='ocr_carea' id='block_1_1' title="bbox 615 273 1564 332">
    <p class='ocr_par' dir='ltr' id='par_1_1' title="bbox 615 273 1564 332">
     <span class='ocr_line' id='line_1_1' title="bbox 615 273 1564 332; baseline 0.002 -4"><span class='ocrx_word' id='word_1_1' title='bbox 615 273 901 330; x_wconf 75' lang='lat' dir='ltr'>lllS&#39;l&#39;l&#39;l&#39;U&#39;l&#39;lOb&#39;Uid</span> <span class='ocrx_word' id='word_1_2' title='bbox 921 273 1163 332; x_wconf 71' lang='lat' dir='ltr'>tttptntttttttt</span> <span class='ocrx_word' id='word_1_3' title='bbox 1541 275 1564 330; x_wconf 79' lang='lat' dir='ltr'>&#39;l</span> 
     </span>
    </p>
   </div>
   <div class='ocr_carea' id='block_1_2' title="bbox 175 365 1861 3762">
    <p class='ocr_par' dir='ltr' id='par_1_2' title="bbox 178 365 1857 786">
     <span class='ocr_line' id='line_1_2' title="bbox 214 365 1800 456; baseline -0.013 -11"><span class='ocrx_word' id='word_1_4' title='bbox 214 397 235 456; x_wconf 78' lang='grc' dir='ltr'>ι.</span> <span class='ocrx_word' id='word_1_5' title='bbox 253 391 299 444; x_wconf 83' lang='grc'>83.</span> <span class='ocrx_word' id='word_1_6' title='bbox 314 391 384 443; x_wconf 85' lang='lat' dir='ltr'>Usus</span> <span class='ocrx_word' id='word_1_7' title='bbox 401 381 434 435; x_wconf 83' lang='lat' dir='ltr'>ab</span> <span class='ocrx_word' id='word_1_8' title='bbox 452 375 589 434; x_wconf 86' lang='lat' dir='ltr'>usuirnetn</span> <span class='ocrx_word' id='word_1_9' title='bbox 609 371 717 438; x_wconf 78' lang='lat' dir='ltr'>differt,</span> <span class='ocrx_word' id='word_1_10' title='bbox 734 375 803 441; x_wconf 84' lang='lat' dir='ltr'>quod</span> <span class='ocrx_word' id='word_1_11' title='bbox 823 374 944 426; x_wconf 86' lang='lat' dir='ltr'>usuarius</span> <span class='ocrx_word' id='word_1_12' title='bbox 964 374 1033 426; x_wconf 84' lang='lat' dir='ltr'>nibil</span> <span class='ocrx_word' id='word_1_13' title='bbox 1052 375 1082 426; x_wconf 90' lang='lat' dir='ltr'>sd</span> <span class='ocrx_word' id='word_1_14' title='bbox 1102 371 1290 444; x_wconf 86' lang='lat' dir='ltr'>compendium</span> <span class='ocrx_word' id='word_1_15' title='bbox 1309 373 1406 428; x_wconf 84' lang='lat' dir='ltr'>babeat</span> <span class='ocrx_word' id='word_1_16' title='bbox 1421 411 1429 440; x_wconf 87' lang='lat'>,</span> <span class='ocrx_word' id='word_1_17' title='bbox 1447 374 1493 428; x_wconf 88' lang='lat' dir='ltr'>sed</span> <span class='ocrx_word' id='word_1_18' title='bbox 1521 377 1614 430; x_wconf 90' lang='lat' dir='ltr'>ssltesss</span> <span class='ocrx_word' id='word_1_19' title='bbox 1712 367 1760 414; x_wconf 73' lang='lat' dir='ltr'>Til·</span> <span class='ocrx_word' id='word_1_20' title='bbox 1779 365 1800 416; x_wconf 79' lang='lat'>⁵·</span> 
     </span>
     <span class='ocr_line' id='line_1_3' title="bbox 178 429 1857 548; baseline -0.011 -18"><span class='ocrx_word' id='word_1_21' title='bbox 178 491 226 548; x_wconf 75' lang='lat' dir='ltr'>pro</span> <span class='ocrx_word' id='word_1_22' title='bbox 243 472 388 541; x_wconf 72' lang='lat' dir='ltr'>indigentis</span> <span class='ocrx_word' id='word_1_23' title='bbox 406 478 432 520; x_wconf 92' lang='lat' dir='ltr'>et</span> <span class='ocrx_word' id='word_1_24' title='bbox 451 465 610 518; x_wconf 86' lang='lat' dir='ltr'>necessitsie</span> <span class='ocrx_word' id='word_1_25' title='bbox 627 477 682 526; x_wconf 85' lang='lat' dir='ltr'>sne,</span> <span class='ocrx_word' id='word_1_26' title='bbox 699 477 766 528; x_wconf 86' lang='lat' dir='ltr'>quae</span> <span class='ocrx_word' id='word_1_27' title='bbox 787 467 873 512; x_wconf 77' lang='lat' dir='ltr'>lernen</span> <span class='ocrx_word' id='word_1_28' title='bbox 894 461 1050 530; x_wconf 73' lang='lat' dir='ltr'>praesertim</span> <span class='ocrx_word' id='word_1_29' title='bbox 1070 475 1116 530; x_wconf 88' lang='lat' dir='ltr'>pro</span> <span class='ocrx_word' id='word_1_30' title='bbox 1135 460 1288 514; x_wconf 86' lang='lat' dir='ltr'>conditione</span> <span class='ocrx_word' id='word_1_31' title='bbox 1306 461 1421 516; x_wconf 77' lang='lat' dir='ltr'>usurarii</span> <span class='ocrx_word' id='word_1_32' title='bbox 1447 470 1472 513; x_wconf 90' lang='lat' dir='ltr'>et</span> <span class='ocrx_word' id='word_1_33' title='bbox 1490 461 1617 529; x_wconf 85' lang='lat' dir='ltr'>qualitste</span> <span class='ocrx_word' id='word_1_34' title='bbox 1639 429 1733 538; x_wconf 41' lang='grc' dir='ltr'>ἐπ”</span> <span class='ocrx_word' id='word_1_35' title='bbox 1748 441 1770 477; x_wconf 68' lang='lat'>&#39;¹</span> <span class='ocrx_word' id='word_1_36' title='bbox 1784 429 1857 476; x_wconf 54' lang='grc' dir='ltr'>’Μ’</span> 
     </span>
     <span class='ocr_line' id='line_1_4' title="bbox 179 538 1616 620; baseline -0.01 -5"><span class='ocrx_word' id='word_1_37' title='bbox 179 562 251 614; x_wconf 84' lang='lat' dir='ltr'>debet</span> <span class='ocrx_word' id='word_1_38' title='bbox 268 553 413 611; x_wconf 85' lang='lat' dir='ltr'>aestimari.</span> <span class='ocrx_word' id='word_1_39' title='bbox 431 567 492 620; x_wconf 70' lang='lat' dir='ltr'>arg.</span> <span class='ocrx_word' id='word_1_40' title='bbox 508 548 529 599; x_wconf 90' lang='lat' dir='ltr'>t.</span> <span class='ocrx_word' id='word_1_41' title='bbox 549 547 593 598; x_wconf 81' lang='lat' dir='ltr'>tt.</span> <span class='ocrx_word' id='word_1_42' title='bbox 611 545 637 617; x_wconf 79' lang='lat'>§.</span> <span class='ocrx_word' id='word_1_43' title='bbox 656 547 681 598; x_wconf 94' lang='grc'>1.</span> <span class='ocrx_word' id='word_1_44' title='bbox 701 554 726 596; x_wconf 85' lang='grc' dir='ltr'>ιι</span> <span class='ocrx_word' id='word_1_45' title='bbox 744 544 769 594; x_wconf 79' lang='grc'>3.</span> <span class='ocrx_word' id='word_1_46' title='bbox 778 538 820 610; x_wconf 80' lang='lat' dir='ltr'>ff.</span> <span class='ocrx_word' id='word_1_47' title='bbox 839 542 866 594; x_wconf 84' lang='lat' dir='ltr'>is.</span> <span class='ocrx_word' id='word_1_48' title='bbox 883 553 904 597; x_wconf 90' lang='lat' dir='ltr'>t.</span> <span class='ocrx_word' id='word_1_49' title='bbox 922 543 1030 596; x_wconf 83' lang='lat' dir='ltr'>Exinde</span> <span class='ocrx_word' id='word_1_50' title='bbox 1047 545 1141 615; x_wconf 85' lang='lat' dir='ltr'>liquet,</span> <span class='ocrx_word' id='word_1_51' title='bbox 1158 546 1229 613; x_wconf 88' lang='lat' dir='ltr'>quud</span> <span class='ocrx_word' id='word_1_52' title='bbox 1248 548 1369 599; x_wconf 86' lang='lat' dir='ltr'>ususrins</span> <span class='ocrx_word' id='word_1_53' title='bbox 1386 563 1434 598; x_wconf 91' lang='lat' dir='ltr'>nec</span> <span class='ocrx_word' id='word_1_54' title='bbox 1451 546 1547 610; x_wconf 88' lang='lat' dir='ltr'>loeare,</span> <span class='ocrx_word' id='word_1_55' title='bbox 1567 561 1616 600; x_wconf 86' lang='lat' dir='ltr'>oco</span> 
     </span>
     <span class='ocr_line' id='line_1_5' title="bbox 179 629 1618 705; baseline -0.009 -7"><span class='ocrx_word' id='word_1_56' title='bbox 179 646 295 705; x_wconf 77' lang='lat' dir='ltr'>rendere,</span> <span class='ocrx_word' id='word_1_57' title='bbox 316 656 365 692; x_wconf 90' lang='lat' dir='ltr'>oco</span> <span class='ocrx_word' id='word_1_58' title='bbox 383 639 465 705; x_wconf 70' lang='lat' dir='ltr'>gretie</span> <span class='ocrx_word' id='word_1_59' title='bbox 483 633 561 687; x_wconf 89' lang='lat' dir='ltr'>alicui</span> <span class='ocrx_word' id='word_1_60' title='bbox 581 633 725 686; x_wconf 72' lang='lat' dir='ltr'>concedere</span> <span class='ocrx_word' id='word_1_61' title='bbox 742 629 834 699; x_wconf 88' lang='lat' dir='ltr'>possit,</span> <span class='ocrx_word' id='word_1_62' title='bbox 852 630 977 700; x_wconf 79' lang='lat' dir='ltr'>quonism</span> <span class='ocrx_word' id='word_1_63' title='bbox 999 629 1063 684; x_wconf 87' lang='lat' dir='ltr'>brec</span> <span class='ocrx_word' id='word_1_64' title='bbox 1081 630 1213 700; x_wconf 89' lang='lat' dir='ltr'>pertinent</span> <span class='ocrx_word' id='word_1_65' title='bbox 1230 631 1261 682; x_wconf 91' lang='lat' dir='ltr'>ad</span> <span class='ocrx_word' id='word_1_66' title='bbox 1280 629 1477 704; x_wconf 84' lang='lat' dir='ltr'>compendium,</span> <span class='ocrx_word' id='word_1_67' title='bbox 1489 632 1557 702; x_wconf 85' lang='lat' dir='ltr'>quod</span> <span class='ocrx_word' id='word_1_68' title='bbox 1577 648 1618 685; x_wconf 90' lang='lat' dir='ltr'>so·</span> 
     </span>
     <span class='ocr_line' id='line_1_6' title="bbox 179 715 1614 786; baseline -0.009 -4"><span class='ocrx_word' id='word_1_69' title='bbox 179 730 215 782; x_wconf 84' lang='lat' dir='ltr'>lus</span> <span class='ocrx_word' id='word_1_70' title='bbox 231 725 437 780; x_wconf 87' lang='lat' dir='ltr'>nsuleuetosriss</span> <span class='ocrx_word' id='word_1_71' title='bbox 455 718 544 782; x_wconf 81' lang='lat' dir='ltr'>babet,</span> <span class='ocrx_word' id='word_1_72' title='bbox 563 735 615 771; x_wconf 88' lang='lat' dir='ltr'>nou</span> <span class='ocrx_word' id='word_1_73' title='bbox 633 718 762 782; x_wconf 86' lang='lat' dir='ltr'>osnerios,</span> <span class='ocrx_word' id='word_1_74' title='bbox 775 715 837 784; x_wconf 87' lang='lat' dir='ltr'>quia</span> <span class='ocrx_word' id='word_1_75' title='bbox 852 733 913 770; x_wconf 88' lang='lat' dir='ltr'>usne</span> <span class='ocrx_word' id='word_1_76' title='bbox 927 718 966 771; x_wconf 94' lang='lat' dir='ltr'>rei</span> <span class='ocrx_word' id='word_1_77' title='bbox 979 719 1078 786; x_wconf 70' lang='lat' dir='ltr'>legasse</span> <span class='ocrx_word' id='word_1_78' title='bbox 1094 731 1152 771; x_wconf 89' lang='lat' dir='ltr'>esse</span> <span class='ocrx_word' id='word_1_79' title='bbox 1169 733 1221 768; x_wconf 89' lang='lat' dir='ltr'>oen</span> <span class='ocrx_word' id='word_1_80' title='bbox 1235 718 1328 786; x_wconf 90' lang='lat' dir='ltr'>possit,</span> <span class='ocrx_word' id='word_1_81' title='bbox 1344 720 1396 771; x_wconf 81' lang='lat' dir='ltr'>nist</span> <span class='ocrx_word' id='word_1_82' title='bbox 1415 719 1444 770; x_wconf 90' lang='lat' dir='ltr'>in</span> <span class='ocrx_word' id='word_1_83' title='bbox 1458 717 1614 772; x_wconf 78' lang='lat' dir='ltr'>senttstooc</span> 
     </span>
    </p>

    <p class='ocr_par' dir='ltr' id='par_1_3' title="bbox 177 800 1616 1050">
     <span class='ocr_line' id='line_1_7' title="bbox 210 800 1613 880; baseline -0.004 -18"><span class='ocrx_word' id='word_1_84' title='bbox 210 811 293 880; x_wconf 64' lang='lat' dir='ltr'>§db</span> <span class='ocrx_word' id='word_1_85' title='bbox 313 808 411 862; x_wconf 76' lang='lat' dir='ltr'>Dili&#39;ert</span> <span class='ocrx_word' id='word_1_86' title='bbox 430 808 518 874; x_wconf 83' lang='lat' dir='ltr'>itaque</span> <span class='ocrx_word' id='word_1_87' title='bbox 536 803 665 856; x_wconf 70' lang='lat' dir='ltr'>habitatio</span> <span class='ocrx_word' id='word_1_88' title='bbox 683 800 717 853; x_wconf 89' lang='lat' dir='ltr'>sb</span> <span class='ocrx_word' id='word_1_89' title='bbox 735 818 800 865; x_wconf 86' lang='lat' dir='ltr'>usu,</span> <span class='ocrx_word' id='word_1_90' title='bbox 821 805 964 870; x_wconf 90' lang='lat' dir='ltr'>quoniam,</span> <span class='ocrx_word' id='word_1_91' title='bbox 982 803 1020 854; x_wconf 93' lang='lat' dir='ltr'>uti</span> <span class='ocrx_word' id='word_1_92' title='bbox 1040 802 1150 866; x_wconf 89' lang='lat' dir='ltr'>dietum,</span> <span class='ocrx_word' id='word_1_93' title='bbox 1170 817 1229 854; x_wconf 91' lang='lat' dir='ltr'>usus</span> <span class='ocrx_word' id='word_1_94' title='bbox 1248 803 1280 853; x_wconf 93' lang='lat' dir='ltr'>ad</span> <span class='ocrx_word' id='word_1_95' title='bbox 1300 801 1482 855; x_wconf 75' lang='lat' dir='ltr'>necessitatem</span> <span class='ocrx_word' id='word_1_96' title='bbox 1501 803 1613 856; x_wconf 90' lang='lat' dir='ltr'>adstrin-</span> 
     </span>
     <span class='ocr_line' id='line_1_8' title="bbox 178 886 1616 965; baseline -0.001 -21"><span class='ocrx_word' id='word_1_97' title='bbox 178 900 252 965; x_wconf 71' lang='lat' dir='ltr'>gitur.</span> <span class='ocrx_word' id='word_1_98' title='bbox 266 891 406 949; x_wconf 78' lang='lat' dir='ltr'>liubitatio</span> <span class='ocrx_word' id='word_1_99' title='bbox 423 907 486 946; x_wconf 88' lang='lat' dir='ltr'>sero</span> <span class='ocrx_word' id='word_1_100' title='bbox 501 906 605 944; x_wconf 78' lang='grc' dir='ltr'><strong>οιιιιιιιι</strong></span> <span class='ocrx_word' id='word_1_101' title='bbox 625 899 782 958; x_wconf 77' lang='lat' dir='ltr'>proventum</span> <span class='ocrx_word' id='word_1_102' title='bbox 801 887 939 940; x_wconf 87' lang='lat' dir='ltr'>babitsndi</span> <span class='ocrx_word' id='word_1_103' title='bbox 958 889 1162 958; x_wconf 70' lang='lat' dir='ltr'>complectitur,</span> <span class='ocrx_word' id='word_1_104' title='bbox 1180 897 1208 939; x_wconf 92' lang='grc' dir='ltr'>ιι</span> <span class='ocrx_word' id='word_1_105' title='bbox 1226 886 1265 940; x_wconf 89' lang='lat' dir='ltr'>sio</span> <span class='ocrx_word' id='word_1_106' title='bbox 1281 903 1383 958; x_wconf 89' lang='lat' dir='ltr'>qaoque</span> <span class='ocrx_word' id='word_1_107' title='bbox 1402 887 1531 944; x_wconf 86' lang='lat' dir='ltr'>lssbitstio</span> <span class='ocrx_word' id='word_1_108' title='bbox 1555 889 1616 943; x_wconf 92' lang='lat' dir='ltr'>aliis</span> 
     </span>
     <span class='ocr_line' id='line_1_9' title="bbox 177 971 1029 1050; baseline -0.014 -16"><span class='ocrx_word' id='word_1_109' title='bbox 177 982 253 1034; x_wconf 88' lang='lat' dir='ltr'>locsri</span> <span class='ocrx_word' id='word_1_110' title='bbox 273 989 369 1050; x_wconf 87' lang='lat' dir='ltr'>petest.</span> <span class='ocrx_word' id='word_1_111' title='bbox 387 984 409 1038; x_wconf 79' lang='grc' dir='ltr'>ι.</span> <span class='ocrx_word' id='word_1_112' title='bbox 428 977 454 1030; x_wconf 75' lang='grc'>5.</span> <span class='ocrx_word' id='word_1_113' title='bbox 473 973 557 1028; x_wconf 72' lang='lat' dir='ltr'>instit</span> <span class='ocrx_word' id='word_1_114' title='bbox 575 974 602 1026; x_wconf 86' lang='grc' dir='ltr'>Ιι.</span> <span class='ocrx_word' id='word_1_115' title='bbox 620 982 639 1025; x_wconf 88' lang='grc' dir='ltr'>ι.</span> <span class='ocrx_word' id='word_1_116' title='bbox 656 982 684 1025; x_wconf 87' lang='grc' dir='ltr'>ιι</span> <span class='ocrx_word' id='word_1_117' title='bbox 702 971 721 1022; x_wconf 90' lang='lat' dir='ltr'>l.</span> <span class='ocrx_word' id='word_1_118' title='bbox 741 973 785 1024; x_wconf 87' lang='grc'>13.</span> <span class='ocrx_word' id='word_1_119' title='bbox 803 989 828 1024; x_wconf 87' lang='grc' dir='ltr'>ι.</span> <span class='ocrx_word' id='word_1_120' title='bbox 846 971 879 1024; x_wconf 85' lang='lat' dir='ltr'>de</span> <span class='ocrx_word' id='word_1_121' title='bbox 896 971 1029 1041; x_wconf 84' lang='lat' dir='ltr'>usufruet.</span> 
     </span>
    </p>

    <p class='ocr_par' dir='ltr' id='par_1_4' title="bbox 177 1039 1859 1305">
     <span class='ocr_line' id='line_1_10' title="bbox 211 1039 1802 1132; baseline -0.003 -17"><span class='ocrx_word' id='word_1_122' title='bbox 211 1061 297 1128; x_wconf 59' lang='lat' dir='ltr'>§.db</span> <span class='ocrx_word' id='word_1_123' title='bbox 317 1060 489 1114; x_wconf 88' lang='lat' dir='ltr'>Diuturnitas</span> <span class='ocrx_word' id='word_1_124' title='bbox 510 1057 638 1128; x_wconf 86' lang='lat' dir='ltr'>temporis</span> <span class='ocrx_word' id='word_1_125' title='bbox 661 1056 768 1125; x_wconf 84' lang='lat' dir='ltr'>quidem</span> <span class='ocrx_word' id='word_1_126' title='bbox 796 1059 1033 1127; x_wconf 87' lang='lat' dir='ltr'>praesumptionem</span> <span class='ocrx_word' id='word_1_127' title='bbox 1060 1057 1142 1110; x_wconf 86' lang='lat' dir='ltr'>bonse</span> <span class='ocrx_word' id='word_1_128' title='bbox 1166 1053 1230 1111; x_wconf 79' lang='lat' dir='ltr'>fidei</span> <span class='ocrx_word' id='word_1_129' title='bbox 1255 1059 1283 1110; x_wconf 93' lang='lat' dir='ltr'>in</span> <span class='ocrx_word' id='word_1_130' title='bbox 1308 1058 1461 1128; x_wconf 67' lang='lat' dir='ltr'>longissimi</span> <span class='ocrx_word' id='word_1_131' title='bbox 1487 1061 1617 1132; x_wconf 88' lang='lat' dir='ltr'>temporis</span> <span class='ocrx_word' id='word_1_132' title='bbox 1708 1041 1758 1087; x_wconf 76' lang='lat' dir='ltr'>Tit.</span> <span class='ocrx_word' id='word_1_133' title='bbox 1775 1039 1802 1088; x_wconf 78' lang='lat'>⁶·</span> 
     </span>
     <span class='ocr_line' id='line_1_11' title="bbox 178 1103 1857 1223; baseline -0.005 -19"><span class='ocrx_word' id='word_1_134' title='bbox 178 1151 380 1223; x_wconf 75' lang='lat' dir='ltr'>prseteriptione</span> <span class='ocrx_word' id='word_1_135' title='bbox 399 1148 480 1217; x_wconf 90' lang='lat' dir='ltr'>parit,</span> <span class='ocrx_word' id='word_1_136' title='bbox 499 1147 522 1199; x_wconf 91' lang='lat' dir='ltr'>si</span> <span class='ocrx_word' id='word_1_137' title='bbox 543 1155 630 1198; x_wconf 88' lang='lat' dir='ltr'>tamen</span> <span class='ocrx_word' id='word_1_138' title='bbox 647 1143 744 1213; x_wconf 83' lang='lat' dir='ltr'>aliquis</span> <span class='ocrx_word' id='word_1_139' title='bbox 762 1155 849 1196; x_wconf 83' lang='lat' dir='ltr'>contro</span> <span class='ocrx_word' id='word_1_140' title='bbox 869 1143 964 1195; x_wconf 83' lang='lat' dir='ltr'>malum</span> <span class='ocrx_word' id='word_1_141' title='bbox 983 1140 1064 1196; x_wconf 81' lang='lat' dir='ltr'>{istem</span> <span class='ocrx_word' id='word_1_142' title='bbox 1077 1141 1326 1212; x_wconf 85' lang='lat' dir='ltr'>praescribentissb</span> <span class='ocrx_word' id='word_1_143' title='bbox 1338 1145 1418 1199; x_wconf 89' lang='lat' dir='ltr'>initio</span> <span class='ocrx_word' id='word_1_144' title='bbox 1431 1145 1544 1214; x_wconf 88' lang='lat' dir='ltr'>probare</span> <span class='ocrx_word' id='word_1_145' title='bbox 1557 1163 1613 1218; x_wconf 91' lang='lat' dir='ltr'>poa·</span> <span class='ocrx_word' id='word_1_146' title='bbox 1640 1103 1857 1223; x_wconf 49' lang='grc' dir='ltr'>3.(ζέἳῖἶῖξέ</span> 
     </span>
     <span class='ocr_line' id='line_1_12' title="bbox 177 1227 1859 1305; baseline -0.011 -15"><span class='ocrx_word' id='word_1_147' title='bbox 177 1251 225 1301; x_wconf 87' lang='grc' dir='ltr'><strong>ιιι,</strong></span> <span class='ocrx_word' id='word_1_148' title='bbox 243 1233 484 1305; x_wconf 86' lang='lat' dir='ltr'>prsesuroptiouem</span> <span class='ocrx_word' id='word_1_149' title='bbox 504 1238 531 1283; x_wconf 93' lang='lat' dir='ltr'>et</span> <span class='ocrx_word' id='word_1_150' title='bbox 549 1231 772 1298; x_wconf 66' lang='lat' dir='ltr'>praescribentem</span> <span class='ocrx_word' id='word_1_151' title='bbox 792 1227 911 1280; x_wconf 88' lang='lat' dir='ltr'>elideret.</span> <span class='ocrx_word' id='word_1_152' title='bbox 1637 1233 1859 1289; x_wconf 69' lang='lat' dir='ltr'>praescriptiuncu-</span> 
     </span>
    </p>

    <p class='ocr_par' dir='ltr' id='par_1_5' title="bbox 177 1292 1691 1470">
     <span class='ocr_line' id='line_1_13' title="bbox 208 1292 1691 1388; baseline -0.005 -16"><span class='ocrx_word' id='word_1_153' title='bbox 208 1323 233 1386; x_wconf 75' lang='grc' dir='ltr'>ς.</span> <span class='ocrx_word' id='word_1_154' title='bbox 249 1321 296 1372; x_wconf 83' lang='grc'>38.</span> <span class='ocrx_word' id='word_1_155' title='bbox 314 1317 449 1388; x_wconf 84' lang='lat' dir='ltr'>Quoniam</span> <span class='ocrx_word' id='word_1_156' title='bbox 470 1315 577 1382; x_wconf 84' lang='lat' dir='ltr'>dejure</span> <span class='ocrx_word' id='word_1_157' title='bbox 598 1315 724 1368; x_wconf 86' lang='lat' dir='ltr'>esnonico</span> <span class='ocrx_word' id='word_1_158' title='bbox 742 1313 809 1367; x_wconf 87' lang='lat' dir='ltr'>bons</span> <span class='ocrx_word' id='word_1_159' title='bbox 828 1310 896 1366; x_wconf 86' lang='lat' dir='ltr'>lides</span> <span class='ocrx_word' id='word_1_160' title='bbox 912 1315 1005 1383; x_wconf 86' lang='lat' dir='ltr'>queris</span> <span class='ocrx_word' id='word_1_161' title='bbox 1022 1325 1139 1383; x_wconf 88' lang='lat' dir='ltr'>tempore</span> <span class='ocrx_word' id='word_1_162' title='bbox 1157 1315 1374 1386; x_wconf 69' lang='lat' dir='ltr'>praescriptionis</span> <span class='ocrx_word' id='word_1_163' title='bbox 1393 1315 1567 1378; x_wconf 87' lang='lat' dir='ltr'>desiderator,</span> <span class='ocrx_word' id='word_1_164' title='bbox 1578 1313 1618 1366; x_wconf 90' lang='lat' dir='ltr'>sel</span> <span class='ocrx_word' id='word_1_165' title='bbox 1639 1292 1691 1336; x_wconf 57' lang='grc' dir='ltr'>’ω’</span> 
     </span>
     <span class='ocr_line' id='line_1_14' title="bbox 177 1395 1616 1470; baseline -0.003 -15"><span class='ocrx_word' id='word_1_166' title='bbox 177 1404 315 1458; x_wconf 81' lang='lat' dir='ltr'>dicendum</span> <span class='ocrx_word' id='word_1_167' title='bbox 335 1412 414 1464; x_wconf 86' lang='lat' dir='ltr'>esset,</span> <span class='ocrx_word' id='word_1_168' title='bbox 434 1400 483 1452; x_wconf 89' lang='lat' dir='ltr'>hoe</span> <span class='ocrx_word' id='word_1_169' title='bbox 501 1400 558 1466; x_wconf 87' lang='lat' dir='ltr'>jure</span> <span class='ocrx_word' id='word_1_170' title='bbox 577 1399 676 1452; x_wconf 81' lang='lat' dir='ltr'>nudam</span> <span class='ocrx_word' id='word_1_171' title='bbox 695 1400 827 1452; x_wconf 74' lang='lat' dir='ltr'>arsionum</span> <span class='ocrx_word' id='word_1_172' title='bbox 848 1398 1011 1464; x_wconf 69' lang='lat' dir='ltr'>personalem</span> <span class='ocrx_word' id='word_1_173' title='bbox 1032 1395 1109 1452; x_wconf 86' lang='lat' dir='ltr'>lacile</span> <span class='ocrx_word' id='word_1_174' title='bbox 1126 1398 1270 1470; x_wconf 84' lang='lat' dir='ltr'>presseribi</span> <span class='ocrx_word' id='word_1_175' title='bbox 1290 1417 1384 1468; x_wconf 79' lang='lat' dir='ltr'>pesse:</span> <span class='ocrx_word' id='word_1_176' title='bbox 1403 1402 1442 1454; x_wconf 90' lang='lat' dir='ltr'>sel</span> <span class='ocrx_word' id='word_1_177' title='bbox 1456 1400 1478 1452; x_wconf 94' lang='lat' dir='ltr'>si</span> <span class='ocrx_word' id='word_1_178' title='bbox 1492 1401 1563 1452; x_wconf 90' lang='lat' dir='ltr'>istud</span> <span class='ocrx_word' id='word_1_179' title='bbox 1574 1417 1616 1451; x_wconf 87' lang='lat' dir='ltr'>ss·</span> 
     </span>
    </p>

    <p class='ocr_par' dir='ltr' id='par_1_6' title="bbox 176 1481 1615 1646">
     <span class='ocr_line' id='line_1_15' title="bbox 176 1481 1615 1557; baseline -0.007 -21"><span class='ocrx_word' id='word_1_180' title='bbox 176 1491 313 1543; x_wconf 59' lang='lat' dir='ltr'>„maium</span> <span class='ocrx_word' id='word_1_181' title='bbox 332 1499 383 1554; x_wconf 88' lang='lat' dir='ltr'>est,</span> <span class='ocrx_word' id='word_1_182' title='bbox 396 1485 435 1538; x_wconf 91' lang='lat' dir='ltr'>uti</span> <span class='ocrx_word' id='word_1_183' title='bbox 447 1487 616 1537; x_wconf 81' lang='lat' dir='ltr'>merendum</span> <span class='ocrx_word' id='word_1_184' title='bbox 628 1501 696 1546; x_wconf 86' lang='lat' dir='ltr'>reor,</span> <span class='ocrx_word' id='word_1_185' title='bbox 714 1501 745 1534; x_wconf 88' lang='lat' dir='ltr'>co</span> <span class='ocrx_word' id='word_1_186' title='bbox 757 1485 816 1550; x_wconf 82' lang='lat' dir='ltr'>jure</span> <span class='ocrx_word' id='word_1_187' title='bbox 829 1481 966 1535; x_wconf 83' lang='lat' dir='ltr'>baeredem</span> <span class='ocrx_word' id='word_1_188' title='bbox 981 1485 1046 1535; x_wconf 89' lang='lat' dir='ltr'>bona</span> <span class='ocrx_word' id='word_1_189' title='bbox 1063 1482 1115 1535; x_wconf 84' lang='lat' dir='ltr'>lide</span> <span class='ocrx_word' id='word_1_190' title='bbox 1132 1502 1146 1535; x_wconf 89' lang='grc' dir='ltr'>ι</span> <span class='ocrx_word' id='word_1_191' title='bbox 1160 1499 1188 1534; x_wconf 88' lang='grc' dir='ltr'>ιι</span> <span class='ocrx_word' id='word_1_192' title='bbox 1204 1494 1319 1553; x_wconf 71' lang='lat' dir='ltr'>tempore</span> <span class='ocrx_word' id='word_1_193' title='bbox 1334 1484 1530 1557; x_wconf 64' lang='lat' dir='ltr'>praescribendi</span> <span class='ocrx_word' id='word_1_194' title='bbox 1543 1503 1615 1539; x_wconf 61' lang='lat' dir='ltr'>mm.</span> 
     </span>
     <span class='ocr_line' id='line_1_16' title="bbox 176 1567 1528 1646; baseline 0.001 -25"><span class='ocrx_word' id='word_1_195' title='bbox 176 1585 320 1646; x_wconf 80' lang='lat' dir='ltr'>putantem,</span> <span class='ocrx_word' id='word_1_196' title='bbox 341 1571 521 1642; x_wconf 84' lang='lat' dir='ltr'>praescribere</span> <span class='ocrx_word' id='word_1_197' title='bbox 551 1585 638 1636; x_wconf 88' lang='lat' dir='ltr'>posse,</span> <span class='ocrx_word' id='word_1_198' title='bbox 656 1569 726 1636; x_wconf 79' lang='lat' dir='ltr'>iusto</span> <span class='ocrx_word' id='word_1_199' title='bbox 745 1571 830 1640; x_wconf 90' lang='lat' dir='ltr'>posito</span> <span class='ocrx_word' id='word_1_200' title='bbox 849 1568 981 1622; x_wconf 84' lang='lat' dir='ltr'>curriculo</span> <span class='ocrx_word' id='word_1_201' title='bbox 1009 1569 1071 1620; x_wconf 90' lang='lat' dir='ltr'>licet</span> <span class='ocrx_word' id='word_1_202' title='bbox 1089 1567 1224 1622; x_wconf 84' lang='lat' dir='ltr'>deiunctae</span> <span class='ocrx_word' id='word_1_203' title='bbox 1242 1567 1324 1622; x_wconf 85' lang='lat' dir='ltr'>inerit</span> <span class='ocrx_word' id='word_1_204' title='bbox 1343 1572 1370 1622; x_wconf 90' lang='lat' dir='ltr'>iss</span> <span class='ocrx_word' id='word_1_205' title='bbox 1384 1573 1451 1623; x_wconf 85' lang='lat' dir='ltr'>mais</span> <span class='ocrx_word' id='word_1_206' title='bbox 1468 1570 1528 1625; x_wconf 86' lang='lat' dir='ltr'>lide.</span> 
     </span>
    </p>

    <p class='ocr_par' dir='ltr' id='par_1_7' title="bbox 175 1651 1847 1898">
     <span class='ocr_line' id='line_1_17' title="bbox 206 1651 1799 1726; baseline -0.005 -13"><span class='ocrx_word' id='word_1_207' title='bbox 206 1669 230 1722; x_wconf 78' lang='grc' dir='ltr'>ι.</span> <span class='ocrx_word' id='word_1_208' title='bbox 248 1661 295 1712; x_wconf 80' lang='grc'>37.</span> <span class='ocrx_word' id='word_1_209' title='bbox 314 1657 430 1712; x_wconf 84' lang='lat' dir='ltr'>Donatio</span> <span class='ocrx_word' id='word_1_210' title='bbox 448 1674 501 1710; x_wconf 88' lang='lat' dir='ltr'>non</span> <span class='ocrx_word' id='word_1_211' title='bbox 520 1666 668 1708; x_wconf 82' lang='lat' dir='ltr'>contractus</span> <span class='ocrx_word' id='word_1_212' title='bbox 686 1667 732 1722; x_wconf 84' lang='lat' dir='ltr'>est,</span> <span class='ocrx_word' id='word_1_213' title='bbox 751 1657 796 1708; x_wconf 86' lang='lat' dir='ltr'>sed</span> <span class='ocrx_word' id='word_1_214' title='bbox 811 1656 906 1708; x_wconf 87' lang='lat' dir='ltr'>saltem</span> <span class='ocrx_word' id='word_1_215' title='bbox 924 1664 998 1706; x_wconf 89' lang='lat' dir='ltr'>actos</span> <span class='ocrx_word' id='word_1_216' title='bbox 1016 1653 1113 1723; x_wconf 83' lang='lat' dir='ltr'>aliquis</span> <span class='ocrx_word' id='word_1_217' title='bbox 1131 1657 1190 1723; x_wconf 88' lang='lat' dir='ltr'>jure</span> <span class='ocrx_word' id='word_1_218' title='bbox 1206 1653 1376 1722; x_wconf 89' lang='lat' dir='ltr'>approbatus,</span> <span class='ocrx_word' id='word_1_219' title='bbox 1394 1673 1447 1726; x_wconf 85' lang='lat' dir='ltr'>quo</span> <span class='ocrx_word' id='word_1_220' title='bbox 1466 1654 1616 1708; x_wconf 74' lang='lat' dir='ltr'>liberiorem</span> <span class='ocrx_word' id='word_1_221' title='bbox 1711 1653 1758 1698; x_wconf 80' lang='lat' dir='ltr'>Tit.</span> <span class='ocrx_word' id='word_1_222' title='bbox 1776 1651 1799 1698; x_wconf 83' lang='lat'>⁷·</span> 
     </span>
     <span class='ocr_line' id='line_1_18' title="bbox 175 1713 1847 1811; baseline -0.007 -13"><span class='ocrx_word' id='word_1_223' title='bbox 175 1760 287 1798; x_wconf 88' lang='lat' dir='ltr'>uostrrns</span> <span class='ocrx_word' id='word_1_224' title='bbox 309 1759 467 1805; x_wconf 88' lang='lat' dir='ltr'>exercemus,</span> <span class='ocrx_word' id='word_1_225' title='bbox 485 1742 554 1811; x_wconf 88' lang='lat' dir='ltr'>quod</span> <span class='ocrx_word' id='word_1_226' title='bbox 574 1757 657 1808; x_wconf 76' lang='lat' dir='ltr'>genus</span> <span class='ocrx_word' id='word_1_227' title='bbox 674 1757 707 1794; x_wconf 91' lang='lat' dir='ltr'>ex</span> <span class='ocrx_word' id='word_1_228' title='bbox 725 1743 744 1792; x_wconf 93' lang='lat'>1.</span> <span class='ocrx_word' id='word_1_229' title='bbox 763 1742 807 1792; x_wconf 90' lang='grc'>13.</span> <span class='ocrx_word' id='word_1_230' title='bbox 816 1739 859 1808; x_wconf 79' lang='lat' dir='ltr'>ff.</span> <span class='ocrx_word' id='word_1_231' title='bbox 879 1740 912 1793; x_wconf 89' lang='lat' dir='ltr'>de</span> <span class='ocrx_word' id='word_1_232' title='bbox 930 1740 1003 1794; x_wconf 79' lang='lat' dir='ltr'>veri.</span> <span class='ocrx_word' id='word_1_233' title='bbox 1019 1739 1115 1810; x_wconf 64' lang='lat' dir='ltr'>signif.</span> <span class='ocrx_word' id='word_1_234' title='bbox 1134 1737 1240 1808; x_wconf 91' lang='lat' dir='ltr'>probari</span> <span class='ocrx_word' id='word_1_235' title='bbox 1259 1749 1368 1807; x_wconf 88' lang='lat' dir='ltr'>potesta,</span> <span class='ocrx_word' id='word_1_236' title='bbox 1379 1740 1417 1792; x_wconf 87' lang='lat' dir='ltr'>rei</span> <span class='ocrx_word' id='word_1_237' title='bbox 1431 1739 1454 1790; x_wconf 92' lang='lat' dir='ltr'>si</span> <span class='ocrx_word' id='word_1_238' title='bbox 1472 1739 1550 1805; x_wconf 90' lang='lat' dir='ltr'>mali,</span> <span class='ocrx_word' id='word_1_239' title='bbox 1562 1737 1617 1790; x_wconf 89' lang='lat' dir='ltr'>diei</span> <span class='ocrx_word' id='word_1_240' title='bbox 1641 1715 1677 1761; x_wconf 68' lang='lat'>⁰⁶</span> <span class='ocrx_word' id='word_1_241' title='bbox 1686 1713 1847 1762; x_wconf 53' lang='lat' dir='ltr'>mmm·</span> 
     </span>
     <span class='ocr_line' id='line_1_19' title="bbox 175 1822 1537 1898; baseline -0.003 -16"><span class='ocrx_word' id='word_1_242' title='bbox 175 1833 255 1882; x_wconf 85' lang='lat' dir='ltr'>etissn</span> <span class='ocrx_word' id='word_1_243' title='bbox 276 1832 375 1898; x_wconf 86' lang='lat' dir='ltr'>poterit</span> <span class='ocrx_word' id='word_1_244' title='bbox 396 1839 501 1897; x_wconf 86' lang='lat' dir='ltr'>paetum</span> <span class='ocrx_word' id='word_1_245' title='bbox 519 1828 682 1896; x_wconf 73' lang='lat' dir='ltr'>legitimum,</span> <span class='ocrx_word' id='word_1_246' title='bbox 700 1829 835 1879; x_wconf 88' lang='lat' dir='ltr'>intuitui.</span> <span class='ocrx_word' id='word_1_247' title='bbox 854 1827 882 1879; x_wconf 83' lang='lat' dir='ltr'>n.</span> <span class='ocrx_word' id='word_1_248' title='bbox 890 1825 931 1894; x_wconf 80' lang='lat' dir='ltr'><em>ff</em></span> <span class='ocrx_word' id='word_1_249' title='bbox 950 1826 983 1880; x_wconf 85' lang='lat' dir='ltr'>de</span> <span class='ocrx_word' id='word_1_250' title='bbox 998 1828 1085 1896; x_wconf 82' lang='lat' dir='ltr'>pneta’a</span> <span class='ocrx_word' id='word_1_251' title='bbox 1101 1835 1128 1878; x_wconf 84' lang='lat' dir='ltr'>et</span> <span class='ocrx_word' id='word_1_252' title='bbox 1146 1825 1164 1876; x_wconf 93' lang='lat' dir='ltr'>l.</span> <span class='ocrx_word' id='word_1_253' title='bbox 1184 1823 1227 1875; x_wconf 75' lang='lat' dir='ltr'>dd.</span> <span class='ocrx_word' id='word_1_254' title='bbox 1243 1822 1272 1875; x_wconf 83' lang='lat' dir='ltr'>s‘n</span> <span class='ocrx_word' id='word_1_255' title='bbox 1291 1840 1338 1891; x_wconf 83' lang='lat' dir='ltr'>pr.</span> <span class='ocrx_word' id='word_1_256' title='bbox 1351 1842 1375 1877; x_wconf 87' lang='lat' dir='ltr'>e.</span> <span class='ocrx_word' id='word_1_257' title='bbox 1393 1823 1426 1876; x_wconf 85' lang='lat' dir='ltr'>de</span> <span class='ocrx_word' id='word_1_258' title='bbox 1443 1825 1537 1878; x_wconf 84' lang='lat' dir='ltr'>donet.</span> 
     </span>
    </p>

    <p class='ocr_par' dir='ltr' id='par_1_8' title="bbox 175 1908 1617 2136">
     <span class='ocr_line' id='line_1_20' title="bbox 208 1908 1616 1980; baseline -0.003 -13"><span class='ocrx_word' id='word_1_259' title='bbox 208 1925 228 1978; x_wconf 71' lang='grc' dir='ltr'>ς.</span> <span class='ocrx_word' id='word_1_260' title='bbox 249 1916 296 1967; x_wconf 81' lang='grc'>68.</span> <span class='ocrx_word' id='word_1_261' title='bbox 316 1915 430 1966; x_wconf 88' lang='lat' dir='ltr'>Donatio</span> <span class='ocrx_word' id='word_1_262' title='bbox 450 1915 543 1967; x_wconf 88' lang='lat' dir='ltr'>mortis</span> <span class='ocrx_word' id='word_1_263' title='bbox 567 1929 642 1966; x_wconf 90' lang='lat' dir='ltr'>cause</span> <span class='ocrx_word' id='word_1_264' title='bbox 662 1913 816 1979; x_wconf 74' lang='lat' dir='ltr'>regulsriter</span> <span class='ocrx_word' id='word_1_265' title='bbox 834 1911 1009 1980; x_wconf 79' lang='lat' dir='ltr'>proesentism</span> <span class='ocrx_word' id='word_1_266' title='bbox 1030 1909 1161 1964; x_wconf 84' lang='lat' dir='ltr'>donstaril</span> <span class='ocrx_word' id='word_1_267' title='bbox 1183 1908 1302 1978; x_wconf 84' lang='lat' dir='ltr'>requirit.</span> <span class='ocrx_word' id='word_1_268' title='bbox 1321 1911 1341 1961; x_wconf 90' lang='lat' dir='ltr'>l.</span> <span class='ocrx_word' id='word_1_269' title='bbox 1358 1912 1401 1963; x_wconf 88' lang='grc'>38.</span> <span class='ocrx_word' id='word_1_270' title='bbox 1411 1909 1454 1978; x_wconf 81' lang='lat' dir='ltr'>ff.</span> <span class='ocrx_word' id='word_1_271' title='bbox 1472 1912 1504 1964; x_wconf 85' lang='lat' dir='ltr'>de</span> <span class='ocrx_word' id='word_1_272' title='bbox 1522 1909 1616 1964; x_wconf 84' lang='lat' dir='ltr'>donet.</span> 
     </span>
     <span class='ocr_line' id='line_1_21' title="bbox 175 1993 1617 2069; baseline -0.002 -17"><span class='ocrx_word' id='word_1_273' title='bbox 175 2011 254 2054; x_wconf 74' lang='lat' dir='ltr'>nost.</span> <span class='ocrx_word' id='word_1_274' title='bbox 271 2015 360 2052; x_wconf 75' lang='lat' dir='ltr'>cuncte</span> <span class='ocrx_word' id='word_1_275' title='bbox 379 1994 414 2050; x_wconf 84' lang='lat' dir='ltr'>Et</span> <span class='ocrx_word' id='word_1_276' title='bbox 430 1999 549 2069; x_wconf 80' lang='lat' dir='ltr'>quinque</span> <span class='ocrx_word' id='word_1_277' title='bbox 567 1997 671 2050; x_wconf 88' lang='lat' dir='ltr'>testium</span> <span class='ocrx_word' id='word_1_278' title='bbox 689 1999 754 2050; x_wconf 88' lang='lat' dir='ltr'>licet</span> <span class='ocrx_word' id='word_1_279' title='bbox 772 1996 920 2067; x_wconf 83' lang='lat' dir='ltr'>specialiter</span> <span class='ocrx_word' id='word_1_280' title='bbox 937 2011 990 2049; x_wconf 89' lang='lat' dir='ltr'>non</span> <span class='ocrx_word' id='word_1_281' title='bbox 1008 2003 1158 2065; x_wconf 71' lang='lat' dir='ltr'>rogatorum</span> <span class='ocrx_word' id='word_1_282' title='bbox 1177 2011 1316 2048; x_wconf 85' lang='lat' dir='ltr'>nnmerum</span> <span class='ocrx_word' id='word_1_283' title='bbox 1333 1996 1352 2047; x_wconf 90' lang='lat' dir='ltr'>i.</span> <span class='ocrx_word' id='word_1_284' title='bbox 1372 1996 1419 2050; x_wconf 87' lang='lat' dir='ltr'>ult.</span> <span class='ocrx_word' id='word_1_285' title='bbox 1437 2013 1460 2048; x_wconf 84' lang='lat' dir='ltr'>c.</span> <span class='ocrx_word' id='word_1_286' title='bbox 1472 1996 1505 2050; x_wconf 88' lang='lat' dir='ltr'>de</span> <span class='ocrx_word' id='word_1_287' title='bbox 1524 1993 1617 2049; x_wconf 82' lang='lat' dir='ltr'>donet.</span> 
     </span>
     <span class='ocr_line' id='line_1_22' title="bbox 179 2083 382 2136; baseline -0.01 0"><span class='ocrx_word' id='word_1_288' title='bbox 179 2083 382 2136; x_wconf 72' lang='lat' dir='ltr'>monstruosa.</span> 
     </span>
    </p>

    <p class='ocr_par' dir='ltr' id='par_1_9' title="bbox 175 2161 1853 2334">
     <span class='ocr_line' id='line_1_23' title="bbox 208 2161 1798 2235; baseline -0.008 -16"><span class='ocrx_word' id='word_1_289' title='bbox 208 2171 233 2235; x_wconf 75' lang='grc' dir='ltr'>ς.</span> <span class='ocrx_word' id='word_1_290' title='bbox 251 2168 298 2219; x_wconf 77' lang='grc'>33.</span> <span class='ocrx_word' id='word_1_291' title='bbox 317 2167 396 2220; x_wconf 83' lang='lat' dir='ltr'>Dotis</span> <span class='ocrx_word' id='word_1_292' title='bbox 416 2175 469 2220; x_wconf 87' lang='lat' dir='ltr'>tem</span> <span class='ocrx_word' id='word_1_293' title='bbox 488 2167 610 2232; x_wconf 87' lang='lat' dir='ltr'>maritus,</span> <span class='ocrx_word' id='word_1_294' title='bbox 621 2183 698 2235; x_wconf 87' lang='lat' dir='ltr'>qnam</span> <span class='ocrx_word' id='word_1_295' title='bbox 713 2183 779 2219; x_wconf 91' lang='lat' dir='ltr'>nxor</span> <span class='ocrx_word' id='word_1_296' title='bbox 795 2165 851 2218; x_wconf 86' lang='lat' dir='ltr'>seri</span> <span class='ocrx_word' id='word_1_297' title='bbox 870 2162 973 2216; x_wconf 75' lang='lat' dir='ltr'>donnini</span> <span class='ocrx_word' id='word_1_298' title='bbox 992 2172 1062 2226; x_wconf 88' lang='lat' dir='ltr'>suoi,</span> <span class='ocrx_word' id='word_1_299' title='bbox 1080 2171 1219 2220; x_wconf 85' lang='lat' dir='ltr'>conetense</span> <span class='ocrx_word' id='word_1_300' title='bbox 1235 2165 1414 2229; x_wconf 75' lang='lat' dir='ltr'>matrimonio,</span> <span class='ocrx_word' id='word_1_301' title='bbox 1433 2163 1479 2217; x_wconf 92' lang='lat' dir='ltr'>sed</span> <span class='ocrx_word' id='word_1_302' title='bbox 1499 2163 1522 2214; x_wconf 91' lang='lat' dir='ltr'>is</span> <span class='ocrx_word' id='word_1_303' title='bbox 1540 2179 1615 2217; x_wconf 89' lang='lat' dir='ltr'>exer-</span> <span class='ocrx_word' id='word_1_304' title='bbox 1711 2165 1758 2209; x_wconf 84' lang='lat' dir='ltr'>l&#39;it.</span> <span class='ocrx_word' id='word_1_305' title='bbox 1776 2161 1798 2208; x_wconf 84' lang='grc'>3.</span> 
     </span>
     <span class='ocr_line' id='line_1_24' title="bbox 175 2225 1853 2334; baseline -0.006 -30"><span class='ocrx_word' id='word_1_306' title='bbox 175 2252 250 2318; x_wconf 78' lang='lat' dir='ltr'>citio,</span> <span class='ocrx_word' id='word_1_307' title='bbox 273 2252 336 2304; x_wconf 83' lang='lat' dir='ltr'>baec</span> <span class='ocrx_word' id='word_1_308' title='bbox 357 2269 416 2304; x_wconf 91' lang='lat' dir='ltr'>sero</span> <span class='ocrx_word' id='word_1_309' title='bbox 434 2254 461 2304; x_wconf 91' lang='lat' dir='ltr'>in</span> <span class='ocrx_word' id='word_1_310' title='bbox 481 2253 578 2320; x_wconf 83' lang='lat' dir='ltr'>quiete,</span> <span class='ocrx_word' id='word_1_311' title='bbox 597 2253 636 2304; x_wconf 87' lang='lat' dir='ltr'>sei</span> <span class='ocrx_word' id='word_1_312' title='bbox 655 2265 768 2319; x_wconf 86' lang='lat' dir='ltr'>eousque</span> <span class='ocrx_word' id='word_1_313' title='bbox 786 2249 933 2302; x_wconf 87' lang='lat' dir='ltr'>dominium</span> <span class='ocrx_word' id='word_1_314' title='bbox 953 2250 1008 2315; x_wconf 83' lang='lat' dir='ltr'>ejus</span> <span class='ocrx_word' id='word_1_315' title='bbox 1027 2263 1181 2318; x_wconf 87' lang='lat' dir='ltr'>suspensum</span> <span class='ocrx_word' id='word_1_316' title='bbox 1201 2249 1303 2304; x_wconf 90' lang='lat' dir='ltr'>dicitur.</span> <span class='ocrx_word' id='word_1_317' title='bbox 1642 2225 1853 2334; x_wconf 48' lang='lat' dir='ltr'>IQ.“¹&#39;⁶“³1“‘¹&#39;‘&#39;&#39;‘¹&#39;*</span> 
     </span>
    </p>

    <p class='ocr_par' dir='ltr' id='par_1_10' title="bbox 175 2297 1853 2578">
     <span class='ocr_line' id='line_1_25' title="bbox 212 2297 1853 2401; baseline -0.007 -10"><span class='ocrx_word' id='word_1_318' title='bbox 212 2344 234 2400; x_wconf 81' lang='grc' dir='ltr'>ς.</span> <span class='ocrx_word' id='word_1_319' title='bbox 254 2339 300 2392; x_wconf 87' lang='grc'>70.</span> <span class='ocrx_word' id='word_1_320' title='bbox 319 2339 430 2392; x_wconf 80' lang='lat' dir='ltr'>Maritus</span> <span class='ocrx_word' id='word_1_321' title='bbox 444 2345 490 2388; x_wconf 77' lang='lat' dir='ltr'>&#39;res</span> <span class='ocrx_word' id='word_1_322' title='bbox 508 2335 618 2388; x_wconf 88' lang='lat' dir='ltr'>mobiles</span> <span class='ocrx_word' id='word_1_323' title='bbox 636 2333 664 2388; x_wconf 88' lang='lat' dir='ltr'>iss</span> <span class='ocrx_word' id='word_1_324' title='bbox 683 2335 770 2386; x_wconf 85' lang='lat' dir='ltr'>dotem</span> <span class='ocrx_word' id='word_1_325' title='bbox 790 2333 864 2385; x_wconf 89' lang='lat' dir='ltr'>datas</span> <span class='ocrx_word' id='word_1_326' title='bbox 882 2335 1025 2394; x_wconf 88' lang='lat' dir='ltr'>aestimato,</span> <span class='ocrx_word' id='word_1_327' title='bbox 1045 2331 1126 2384; x_wconf 88' lang='lat' dir='ltr'>relnti</span> <span class='ocrx_word' id='word_1_328' title='bbox 1140 2332 1302 2386; x_wconf 75' lang='lat' dir='ltr'>venditionis</span> <span class='ocrx_word' id='word_1_329' title='bbox 1319 2331 1403 2401; x_wconf 72' lang='lat' dir='ltr'>gratie</span> <span class='ocrx_word' id='word_1_330' title='bbox 1422 2330 1491 2384; x_wconf 91' lang='lat' dir='ltr'>liber</span> <span class='ocrx_word' id='word_1_331' title='bbox 1504 2331 1619 2382; x_wconf 89' lang='lat' dir='ltr'>sliensre</span> <span class='ocrx_word' id='word_1_332' title='bbox 1652 2297 1698 2330; x_wconf 53' lang='lat' dir='ltr'>‘m</span> <span class='ocrx_word' id='word_1_333' title='bbox 1713 2304 1738 2332; x_wconf 58' lang='grc' dir='ltr'><em>η</em></span> <span class='ocrx_word' id='word_1_334' title='bbox 1760 2303 1800 2334; x_wconf 58' lang='lat'>”⁰²⁸</span> <span class='ocrx_word' id='word_1_335' title='bbox 1811 2299 1853 2334; x_wconf 43' lang='grc' dir='ltr'>ρκ’</span> 
     </span>
     <span class='ocr_line' id='line_1_26' title="bbox 175 2413 1619 2492; baseline -0.002 -20"><span class='ocrx_word' id='word_1_336' title='bbox 175 2435 274 2492; x_wconf 88' lang='lat' dir='ltr'>potest,</span> <span class='ocrx_word' id='word_1_337' title='bbox 288 2422 340 2474; x_wconf 88' lang='lat' dir='ltr'>nisi</span> <span class='ocrx_word' id='word_1_338' title='bbox 354 2425 486 2492; x_wconf 88' lang='lat' dir='ltr'>pretiosae</span> <span class='ocrx_word' id='word_1_339' title='bbox 497 2422 561 2483; x_wconf 88' lang='lat' dir='ltr'>sint,</span> <span class='ocrx_word' id='word_1_340' title='bbox 575 2437 632 2491; x_wconf 67' lang='lat' dir='ltr'>erp.</span> <span class='ocrx_word' id='word_1_341' title='bbox 643 2421 664 2472; x_wconf 87' lang='lat' dir='ltr'>i.</span> <span class='ocrx_word' id='word_1_342' title='bbox 677 2420 703 2470; x_wconf 87' lang='grc'>3.</span> <span class='ocrx_word' id='word_1_343' title='bbox 716 2413 740 2472; x_wconf 78' lang='grc' dir='ltr'>ὁ.</span> <span class='ocrx_word' id='word_1_344' title='bbox 753 2418 849 2492; x_wconf 81' lang='lat' dir='ltr'>dejur.</span> <span class='ocrx_word' id='word_1_345' title='bbox 861 2419 918 2471; x_wconf 87' lang='lat' dir='ltr'>dot.</span> <span class='ocrx_word' id='word_1_346' title='bbox 928 2415 1005 2486; x_wconf 86' lang='lat' dir='ltr'>Quod</span> <span class='ocrx_word' id='word_1_347' title='bbox 1020 2427 1105 2470; x_wconf 82' lang='lat' dir='ltr'>temen</span> <span class='ocrx_word' id='word_1_348' title='bbox 1123 2416 1353 2482; x_wconf 84' lang='lat' dir='ltr'>sublimitendum,</span> <span class='ocrx_word' id='word_1_349' title='bbox 1367 2417 1389 2470; x_wconf 90' lang='lat' dir='ltr'>si</span> <span class='ocrx_word' id='word_1_350' title='bbox 1403 2416 1472 2468; x_wconf 87' lang='lat' dir='ltr'>nilsil</span> <span class='ocrx_word' id='word_1_351' title='bbox 1485 2416 1538 2468; x_wconf 93' lang='lat' dir='ltr'>nisi</span> <span class='ocrx_word' id='word_1_352' title='bbox 1554 2416 1619 2470; x_wconf 89' lang='lat' dir='ltr'>tsles</span> 
     </span>
     <span class='ocr_line' id='line_1_27' title="bbox 175 2505 694 2578; baseline -0.013 -18"><span class='ocrx_word' id='word_1_353' title='bbox 175 2509 311 2578; x_wconf 87' lang='lat' dir='ltr'>pretioasc</span> <span class='ocrx_word' id='word_1_354' title='bbox 329 2525 370 2560; x_wconf 84' lang='lat' dir='ltr'>ree</span> <span class='ocrx_word' id='word_1_355' title='bbox 388 2509 416 2560; x_wconf 90' lang='lat' dir='ltr'>io</span> <span class='ocrx_word' id='word_1_356' title='bbox 436 2505 521 2558; x_wconf 89' lang='lat' dir='ltr'>dotem</span> <span class='ocrx_word' id='word_1_357' title='bbox 542 2507 615 2558; x_wconf 88' lang='lat' dir='ltr'>datas</span> <span class='ocrx_word' id='word_1_358' title='bbox 633 2505 694 2558; x_wconf 85' lang='lat' dir='ltr'>sint.</span> 
     </span>
    </p>

    <p class='ocr_par' dir='ltr' id='par_1_11' title="bbox 176 2580 1861 2826">
     <span class='ocr_line' id='line_1_28' title="bbox 209 2580 1798 2658; baseline -0.016 -11"><span class='ocrx_word' id='word_1_359' title='bbox 209 2601 230 2654; x_wconf 83' lang='grc' dir='ltr'>ι.</span> <span class='ocrx_word' id='word_1_360' title='bbox 249 2597 295 2646; x_wconf 86' lang='grc'>71.</span> <span class='ocrx_word' id='word_1_361' title='bbox 313 2595 377 2646; x_wconf 76' lang='lat' dir='ltr'>iure</span> <span class='ocrx_word' id='word_1_362' title='bbox 400 2593 558 2644; x_wconf 80' lang='lat' dir='ltr'>novellarum</span> <span class='ocrx_word' id='word_1_363' title='bbox 578 2589 647 2658; x_wconf 80' lang='lat' dir='ltr'>putri</span> <span class='ocrx_word' id='word_1_364' title='bbox 665 2587 772 2658; x_wconf 84' lang='lat' dir='ltr'>quidem</span> <span class='ocrx_word' id='word_1_365' title='bbox 792 2583 820 2638; x_wconf 93' lang='lat' dir='ltr'>in</span> <span class='ocrx_word' id='word_1_366' title='bbox 839 2583 917 2637; x_wconf 90' lang='lat' dir='ltr'>bonis</span> <span class='ocrx_word' id='word_1_367' title='bbox 930 2583 1081 2638; x_wconf 80' lang='lat' dir='ltr'>adsonststta</span> <span class='ocrx_word' id='word_1_368' title='bbox 1097 2585 1180 2639; x_wconf 87' lang='lat' dir='ltr'>adimi</span> <span class='ocrx_word' id='word_1_369' title='bbox 1200 2595 1282 2655; x_wconf 86' lang='lat' dir='ltr'>potest</span> <span class='ocrx_word' id='word_1_370' title='bbox 1301 2585 1462 2640; x_wconf 81' lang='lat' dir='ltr'>ususfructus</span> <span class='ocrx_word' id='word_1_371' title='bbox 1480 2604 1562 2658; x_wconf 89' lang='lat' dir='ltr'>osque</span> <span class='ocrx_word' id='word_1_372' title='bbox 1584 2587 1617 2640; x_wconf 92' lang='lat' dir='ltr'>sd</span> <span class='ocrx_word' id='word_1_373' title='bbox 1710 2580 1757 2625; x_wconf 79' lang='lat' dir='ltr'>Tit.</span> <span class='ocrx_word' id='word_1_374' title='bbox 1775 2580 1798 2627; x_wconf 88' lang='lat'>9.</span> 
     </span>
     <span class='ocr_line' id='line_1_29' title="bbox 176 2643 1861 2751; baseline -0.008 -17"><span class='ocrx_word' id='word_1_375' title='bbox 176 2683 344 2751; x_wconf 77' lang='lat' dir='ltr'>legitimam,</span> <span class='ocrx_word' id='word_1_376' title='bbox 358 2694 424 2748; x_wconf 88' lang='lat' dir='ltr'>quse</span> <span class='ocrx_word' id='word_1_377' title='bbox 441 2678 509 2730; x_wconf 85' lang='lat' dir='ltr'>sslrs</span> <span class='ocrx_word' id='word_1_378' title='bbox 528 2675 700 2743; x_wconf 80' lang='lat' dir='ltr'>reinquends</span> <span class='ocrx_word' id='word_1_379' title='bbox 720 2671 818 2724; x_wconf 77' lang='lat' dir='ltr'>noveii.</span> <span class='ocrx_word' id='word_1_380' title='bbox 832 2671 894 2722; x_wconf 87' lang='grc'><strong>117.</strong></span> <span class='ocrx_word' id='word_1_381' title='bbox 903 2687 926 2722; x_wconf 87' lang='lat' dir='ltr'>c.</span> <span class='ocrx_word' id='word_1_382' title='bbox 942 2671 965 2720; x_wconf 90' lang='lat' dir='ltr'>l.</span> <span class='ocrx_word' id='word_1_383' title='bbox 983 2669 1085 2722; x_wconf 83' lang='lat' dir='ltr'>serbis:</span> <span class='ocrx_word' id='word_1_384' title='bbox 1103 2669 1171 2738; x_wconf 87' lang='lat' dir='ltr'>quod</span> <span class='ocrx_word' id='word_1_385' title='bbox 1205 2669 1334 2740; x_wconf 81' lang='lat' dir='ltr'>reliquum</span> <span class='ocrx_word' id='word_1_386' title='bbox 1357 2687 1418 2722; x_wconf 87' lang='lat' dir='ltr'>suae</span> <span class='ocrx_word' id='word_1_387' title='bbox 1442 2670 1615 2739; x_wconf 77' lang='lat' dir='ltr'>substantae,</span> <span class='ocrx_word' id='word_1_388' title='bbox 1641 2643 1861 2750; x_wconf 50' lang='lat' dir='ltr'>P‘fq&#39;mpff&#39;wi‘is</span> 
     </span>
     <span class='ocr_line' id='line_1_30' title="bbox 176 2719 1848 2826; baseline -0.005 -8"><span class='ocrx_word' id='word_1_389' title='bbox 176 2765 221 2818; x_wconf 83' lang='lat' dir='ltr'>sed</span> <span class='ocrx_word' id='word_1_390' title='bbox 243 2783 275 2818; x_wconf 91' lang='lat' dir='ltr'>eo</span> <span class='ocrx_word' id='word_1_391' title='bbox 294 2763 491 2817; x_wconf 76' lang='lat' dir='ltr'>administratio</span> <span class='ocrx_word' id='word_1_392' title='bbox 508 2761 630 2826; x_wconf 87' lang='lat' dir='ltr'>adempte</span> <span class='ocrx_word' id='word_1_393' title='bbox 650 2757 738 2808; x_wconf 87' lang='lat' dir='ltr'>stetim</span> <span class='ocrx_word' id='word_1_394' title='bbox 760 2771 812 2806; x_wconf 91' lang='lat' dir='ltr'>non</span> <span class='ocrx_word' id='word_1_395' title='bbox 829 2765 960 2816; x_wconf 90' lang='lat' dir='ltr'>censetur,</span> <span class='ocrx_word' id='word_1_396' title='bbox 980 2752 1032 2803; x_wconf 90' lang='lat' dir='ltr'>nisi</span> <span class='ocrx_word' id='word_1_397' title='bbox 1051 2751 1078 2804; x_wconf 89' lang='lat' dir='ltr'>id</span> <span class='ocrx_word' id='word_1_398' title='bbox 1099 2755 1185 2824; x_wconf 87' lang='lat' dir='ltr'>ipsum</span> <span class='ocrx_word' id='word_1_399' title='bbox 1203 2771 1304 2824; x_wconf 83' lang='lat' dir='ltr'>qnoque</span> <span class='ocrx_word' id='word_1_400' title='bbox 1322 2753 1551 2822; x_wconf 76' lang='lat' dir='ltr'>expresseiaoturn</span> <span class='ocrx_word' id='word_1_401' title='bbox 1572 2757 1618 2807; x_wconf 91' lang='lat' dir='ltr'>sit.</span> <span class='ocrx_word' id='word_1_402' title='bbox 1641 2719 1722 2811; x_wconf 47' lang='lat' dir='ltr'>aspa</span> <span class='ocrx_word' id='word_1_403' title='bbox 1757 2723 1770 2750; x_wconf 78' lang='lat' dir='ltr'>a</span> <span class='ocrx_word' id='word_1_404' title='bbox 1788 2721 1848 2766; x_wconf 78' lang='lat' dir='ltr'>quus</span> 
     </span>
    </p>

    <p class='ocr_par' dir='ltr' id='par_1_12' title="bbox 177 2837 1619 3085">
     <span class='ocr_line' id='line_1_31' title="bbox 209 2837 1618 2916; baseline -0.006 -15"><span class='ocrx_word' id='word_1_405' title='bbox 209 2858 231 2911; x_wconf 81' lang='grc' dir='ltr'>ς.</span> <span class='ocrx_word' id='word_1_406' title='bbox 250 2849 297 2901; x_wconf 72' lang='lat'>*12</span> <span class='ocrx_word' id='word_1_407' title='bbox 318 2848 429 2912; x_wconf 63' lang='lat' dir='ltr'>(nendo</span> <span class='ocrx_word' id='word_1_408' title='bbox 447 2858 519 2916; x_wconf 89' lang='lat' dir='ltr'>pater</span> <span class='ocrx_word' id='word_1_409' title='bbox 537 2859 595 2894; x_wconf 87' lang='lat' dir='ltr'>eous</span> <span class='ocrx_word' id='word_1_410' title='bbox 615 2838 674 2894; x_wconf 85' lang='lat' dir='ltr'>lilio</span> <span class='ocrx_word' id='word_1_411' title='bbox 691 2839 724 2891; x_wconf 90' lang='lat' dir='ltr'>sb</span> <span class='ocrx_word' id='word_1_412' title='bbox 743 2851 866 2892; x_wconf 78' lang='lat' dir='ltr'>extraneo</span> <span class='ocrx_word' id='word_1_413' title='bbox 885 2837 975 2890; x_wconf 81' lang='lat' dir='ltr'>haeres</span> <span class='ocrx_word' id='word_1_414' title='bbox 994 2837 1129 2891; x_wconf 88' lang='lat' dir='ltr'>institutus</span> <span class='ocrx_word' id='word_1_415' title='bbox 1146 2847 1202 2902; x_wconf 90' lang='lat' dir='ltr'>est,</span> <span class='ocrx_word' id='word_1_416' title='bbox 1221 2841 1244 2891; x_wconf 90' lang='lat' dir='ltr'>is</span> <span class='ocrx_word' id='word_1_417' title='bbox 1261 2857 1363 2909; x_wconf 84' lang='lat' dir='ltr'>quoque</span> <span class='ocrx_word' id='word_1_418' title='bbox 1381 2839 1409 2892; x_wconf 91' lang='lat' dir='ltr'>in</span> <span class='ocrx_word' id='word_1_419' title='bbox 1426 2841 1549 2910; x_wconf 75' lang='lat' dir='ltr'>portione</span> <span class='ocrx_word' id='word_1_420' title='bbox 1565 2837 1618 2892; x_wconf 78' lang='lat' dir='ltr'>fitis</span> 
     </span>
     <span class='ocr_line' id='line_1_32' title="bbox 177 2921 1619 2996; baseline -0.001 -13"><span class='ocrx_word' id='word_1_421' title='bbox 177 2931 371 2986; x_wconf 74' lang='lat' dir='ltr'>usumfructum</span> <span class='ocrx_word' id='word_1_422' title='bbox 392 2939 483 2982; x_wconf 83' lang='lat' dir='ltr'>caetus</span> <span class='ocrx_word' id='word_1_423' title='bbox 502 2942 558 2982; x_wconf 89' lang='lat' dir='ltr'>esse</span> <span class='ocrx_word' id='word_1_424' title='bbox 575 2926 764 2996; x_wconf 75' lang='lat' dir='ltr'>praesumitur,</span> <span class='ocrx_word' id='word_1_425' title='bbox 783 2923 837 2976; x_wconf 90' lang='lat' dir='ltr'>nisi</span> <span class='ocrx_word' id='word_1_426' title='bbox 855 2923 879 2974; x_wconf 92' lang='lat' dir='ltr'>is</span> <span class='ocrx_word' id='word_1_427' title='bbox 898 2923 934 2978; x_wconf 92' lang='lat' dir='ltr'>sit</span> <span class='ocrx_word' id='word_1_428' title='bbox 953 2921 1099 2990; x_wconf 78' lang='lat' dir='ltr'>ademptus,</span> <span class='ocrx_word' id='word_1_429' title='bbox 1118 2932 1227 2993; x_wconf 88' lang='lat' dir='ltr'>propter</span> <span class='ocrx_word' id='word_1_430' title='bbox 1244 2926 1375 2991; x_wconf 73' lang='lat' dir='ltr'>generetis</span> <span class='ocrx_word' id='word_1_431' title='bbox 1392 2926 1470 2979; x_wconf 85' lang='lat' dir='ltr'>serbe</span> <span class='ocrx_word' id='word_1_432' title='bbox 1483 2925 1501 2977; x_wconf 89' lang='lat' dir='ltr'>l.</span> <span class='ocrx_word' id='word_1_433' title='bbox 1514 2927 1539 2978; x_wconf 80' lang='lat' dir='ltr'>n</span> <span class='ocrx_word' id='word_1_434' title='bbox 1552 2943 1574 2980; x_wconf 88' lang='lat' dir='ltr'>e.</span> <span class='ocrx_word' id='word_1_435' title='bbox 1587 2929 1619 2982; x_wconf 85' lang='lat' dir='ltr'>de</span> 
     </span>
     <span class='ocr_line' id='line_1_33' title="bbox 177 3015 450 3085; baseline 0.004 -18"><span class='ocrx_word' id='word_1_436' title='bbox 177 3017 259 3069; x_wconf 78' lang='lat' dir='ltr'>bonis</span> <span class='ocrx_word' id='word_1_437' title='bbox 272 3033 343 3085; x_wconf 78' lang='lat' dir='ltr'>qnae</span> <span class='ocrx_word' id='word_1_438' title='bbox 355 3015 450 3068; x_wconf 76' lang='lat' dir='ltr'>liberis.</span> 
     </span>
    </p>

    <p class='ocr_par' dir='ltr' id='par_1_13' title="bbox 176 3085 1859 3338">
     <span class='ocr_line' id='line_1_34' title="bbox 210 3085 1814 3168; baseline -0.004 -16"><span class='ocrx_word' id='word_1_439' title='bbox 210 3106 231 3158; x_wconf 83' lang='grc' dir='ltr'>ς.</span> <span class='ocrx_word' id='word_1_440' title='bbox 252 3102 299 3151; x_wconf 86' lang='grc'>73.</span> <span class='ocrx_word' id='word_1_441' title='bbox 320 3096 521 3154; x_wconf 74' lang='lat' dir='ltr'>Filiusismilias</span> <span class='ocrx_word' id='word_1_442' title='bbox 539 3113 570 3149; x_wconf 92' lang='lat' dir='ltr'>ne</span> <span class='ocrx_word' id='word_1_443' title='bbox 588 3093 696 3165; x_wconf 87' lang='lat' dir='ltr'>quidem</span> <span class='ocrx_word' id='word_1_444' title='bbox 716 3091 749 3146; x_wconf 90' lang='lat' dir='ltr'>de</span> <span class='ocrx_word' id='word_1_445' title='bbox 769 3092 804 3144; x_wconf 90' lang='lat' dir='ltr'>iis</span> <span class='ocrx_word' id='word_1_446' title='bbox 821 3092 898 3147; x_wconf 88' lang='lat' dir='ltr'>bonis</span> <span class='ocrx_word' id='word_1_447' title='bbox 918 3092 1071 3148; x_wconf 73' lang='lat' dir='ltr'>adventitiis</span> <span class='ocrx_word' id='word_1_448' title='bbox 1090 3103 1277 3151; x_wconf 86' lang='lat' dir='ltr'>testsmentnm</span> <span class='ocrx_word' id='word_1_449' title='bbox 1298 3096 1383 3152; x_wconf 89' lang='lat' dir='ltr'>iacere</span> <span class='ocrx_word' id='word_1_450' title='bbox 1400 3100 1543 3168; x_wconf 89' lang='lat' dir='ltr'>potest,in</span> <span class='ocrx_word' id='word_1_451' title='bbox 1560 3099 1617 3168; x_wconf 83' lang='lat' dir='ltr'>qui·</span> <span class='ocrx_word' id='word_1_452' title='bbox 1702 3085 1750 3126; x_wconf 80' lang='lat' dir='ltr'>Tit.</span> <span class='ocrx_word' id='word_1_453' title='bbox 1778 3085 1814 3134; x_wconf 77' lang='lat'>⁴⁰·</span> 
     </span>
     <span class='ocr_line' id='line_1_35' title="bbox 177 3144 1859 3255; baseline -0.002 -17"><span class='ocrx_word' id='word_1_454' title='bbox 177 3187 228 3238; x_wconf 88' lang='lat' dir='ltr'>bus</span> <span class='ocrx_word' id='word_1_455' title='bbox 249 3185 317 3255; x_wconf 89' lang='lat' dir='ltr'>patri</span> <span class='ocrx_word' id='word_1_456' title='bbox 330 3185 470 3254; x_wconf 85' lang='lat' dir='ltr'>sdemptus</span> <span class='ocrx_word' id='word_1_457' title='bbox 488 3192 528 3236; x_wconf 86' lang='lat' dir='ltr'>cst</span> <span class='ocrx_word' id='word_1_458' title='bbox 545 3179 722 3243; x_wconf 75' lang='lat' dir='ltr'>ususfructus,</span> <span class='ocrx_word' id='word_1_459' title='bbox 740 3179 864 3248; x_wconf 86' lang='lat' dir='ltr'>qnoniam</span> <span class='ocrx_word' id='word_1_460' title='bbox 884 3177 940 3232; x_wconf 82' lang='lat' dir='ltr'>titio</span> <span class='ocrx_word' id='word_1_461' title='bbox 959 3181 1020 3235; x_wconf 88' lang='lat' dir='ltr'>hnic</span> <span class='ocrx_word' id='word_1_462' title='bbox 1038 3183 1190 3238; x_wconf 79' lang='lat' dir='ltr'>auctoritate</span> <span class='ocrx_word' id='word_1_463' title='bbox 1206 3183 1314 3254; x_wconf 83' lang='lat' dir='ltr'>publica</span> <span class='ocrx_word' id='word_1_464' title='bbox 1333 3185 1483 3238; x_wconf 83' lang='lat' dir='ltr'>testsmenti</span> <span class='ocrx_word' id='word_1_465' title='bbox 1504 3182 1618 3238; x_wconf 63' lang='lat' dir='ltr'>finiendi</span> <span class='ocrx_word' id='word_1_466' title='bbox 1641 3144 1859 3255; x_wconf 48' lang='lat' dir='ltr'>popmffm&#39;m</span> 
     </span>
     <span class='ocr_line' id='line_1_36' title="bbox 176 3265 1080 3338; baseline -0.004 -17"><span class='ocrx_word' id='word_1_467' title='bbox 176 3273 221 3336; x_wconf 83' lang='lat' dir='ltr'>jus</span> <span class='ocrx_word' id='word_1_468' title='bbox 241 3271 396 3338; x_wconf 83' lang='lat' dir='ltr'>ademptum</span> <span class='ocrx_word' id='word_1_469' title='bbox 415 3278 465 3330; x_wconf 89' lang='lat' dir='ltr'>est,</span> <span class='ocrx_word' id='word_1_470' title='bbox 482 3266 549 3336; x_wconf 85' lang='lat' dir='ltr'>quod</span> <span class='ocrx_word' id='word_1_471' title='bbox 569 3277 642 3334; x_wconf 79' lang='lat' dir='ltr'>poter</span> <span class='ocrx_word' id='word_1_472' title='bbox 662 3275 689 3314; x_wconf 94' lang='lat' dir='ltr'>nt</span> <span class='ocrx_word' id='word_1_473' title='bbox 707 3265 825 3330; x_wconf 85' lang='lat' dir='ltr'>prirstns</span> <span class='ocrx_word' id='word_1_474' title='bbox 843 3266 963 3330; x_wconf 87' lang='lat' dir='ltr'>supplere</span> <span class='ocrx_word' id='word_1_475' title='bbox 982 3270 1080 3338; x_wconf 81' lang='lat' dir='ltr'>nequit.</span> 
     </span>
    </p>

    <p class='ocr_par' dir='ltr' id='par_1_14' title="bbox 175 3346 1619 3670">
     <span class='ocr_line' id='line_1_37' title="bbox 210 3346 1619 3425; baseline 0 -19"><span class='ocrx_word' id='word_1_476' title='bbox 210 3359 232 3414; x_wconf 78' lang='grc' dir='ltr'>ς.</span> <span class='ocrx_word' id='word_1_477' title='bbox 253 3355 301 3406; x_wconf 75' lang='lat' dir='ltr'>ts.</span> <span class='ocrx_word' id='word_1_478' title='bbox 318 3356 517 3407; x_wconf 72' lang='lat' dir='ltr'>Testamentum</span> <span class='ocrx_word' id='word_1_479' title='bbox 532 3347 562 3404; x_wconf 87' lang='lat' dir='ltr'>sd</span> <span class='ocrx_word' id='word_1_480' title='bbox 582 3358 637 3400; x_wconf 86' lang='lat' dir='ltr'>ueta</span> <span class='ocrx_word' id='word_1_481' title='bbox 655 3359 679 3401; x_wconf 92' lang='lat' dir='ltr'>et</span> <span class='ocrx_word' id='word_1_482' title='bbox 698 3346 815 3416; x_wconf 88' lang='lat' dir='ltr'>principi</span> <span class='ocrx_word' id='word_1_483' title='bbox 833 3347 950 3400; x_wconf 84' lang='lat' dir='ltr'>oblatum</span> <span class='ocrx_word' id='word_1_484' title='bbox 970 3367 1022 3403; x_wconf 90' lang='lat' dir='ltr'>nnn</span> <span class='ocrx_word' id='word_1_485' title='bbox 1042 3351 1120 3404; x_wconf 83' lang='lat' dir='ltr'>silem</span> <span class='ocrx_word' id='word_1_486' title='bbox 1140 3353 1343 3414; x_wconf 89' lang='lat' dir='ltr'>solemnitstens,</span> <span class='ocrx_word' id='word_1_487' title='bbox 1361 3369 1439 3421; x_wconf 86' lang='lat' dir='ltr'>qnam</span> <span class='ocrx_word' id='word_1_488' title='bbox 1458 3352 1561 3425; x_wconf 84' lang='lat' dir='ltr'>etipse</span> <span class='ocrx_word' id='word_1_489' title='bbox 1581 3363 1619 3407; x_wconf 89' lang='lat' dir='ltr'>tc·</span> 
     </span>
     <span class='ocr_line' id='line_1_38' title="bbox 178 3431 1618 3508; baseline -0.001 -17"><span class='ocrx_word' id='word_1_490' title='bbox 178 3450 260 3492; x_wconf 88' lang='lat' dir='ltr'>stator</span> <span class='ocrx_word' id='word_1_491' title='bbox 280 3437 382 3501; x_wconf 79' lang='lat' dir='ltr'>offerat,</span> <span class='ocrx_word' id='word_1_492' title='bbox 401 3435 540 3497; x_wconf 89' lang='lat' dir='ltr'>desiderat,</span> <span class='ocrx_word' id='word_1_493' title='bbox 556 3443 667 3500; x_wconf 85' lang='lat' dir='ltr'>propter</span> <span class='ocrx_word' id='word_1_494' title='bbox 680 3432 698 3482; x_wconf 89' lang='lat' dir='ltr'>l.</span> <span class='ocrx_word' id='word_1_495' title='bbox 713 3431 754 3482; x_wconf 94' lang='grc'>13.</span> <span class='ocrx_word' id='word_1_496' title='bbox 768 3449 790 3484; x_wconf 83' lang='grc' dir='ltr'>ι.</span> <span class='ocrx_word' id='word_1_497' title='bbox 802 3433 828 3484; x_wconf 88' lang='grc' dir='ltr'>Ιι.</span> <span class='ocrx_word' id='word_1_498' title='bbox 841 3443 861 3482; x_wconf 87' lang='grc' dir='ltr'>ι.</span> <span class='ocrx_word' id='word_1_499' title='bbox 873 3433 903 3486; x_wconf 84' lang='lat' dir='ltr'>st</span> <span class='ocrx_word' id='word_1_500' title='bbox 924 3443 1011 3485; x_wconf 88' lang='lat' dir='ltr'>tamen</span> <span class='ocrx_word' id='word_1_501' title='bbox 1029 3434 1113 3500; x_wconf 88' lang='lat' dir='ltr'>judici</span> <span class='ocrx_word' id='word_1_502' title='bbox 1131 3436 1309 3501; x_wconf 84' lang='lat' dir='ltr'>insinuentur,</span> <span class='ocrx_word' id='word_1_503' title='bbox 1327 3451 1459 3491; x_wconf 77' lang='lat' dir='ltr'>necessum</span> <span class='ocrx_word' id='word_1_504' title='bbox 1479 3448 1529 3508; x_wconf 73' lang='lat' dir='ltr'>est,</span> <span class='ocrx_word' id='word_1_505' title='bbox 1542 3451 1568 3494; x_wconf 90' lang='lat' dir='ltr'>nt</span> <span class='ocrx_word' id='word_1_506' title='bbox 1579 3442 1618 3506; x_wconf 83' lang='lat' dir='ltr'>jn·</span> 
     </span>
     <span class='ocr_line' id='line_1_39' title="bbox 175 3513 1618 3592; baseline 0.001 -19"><span class='ocrx_word' id='word_1_507' title='bbox 175 3527 225 3574; x_wconf 89' lang='lat' dir='ltr'>dex</span> <span class='ocrx_word' id='word_1_508' title='bbox 249 3526 295 3576; x_wconf 86' lang='lat' dir='ltr'>sel</span> <span class='ocrx_word' id='word_1_509' title='bbox 312 3540 361 3592; x_wconf 91' lang='lat' dir='ltr'>pro</span> <span class='ocrx_word' id='word_1_510' title='bbox 382 3520 507 3574; x_wconf 84' lang='lat' dir='ltr'>tribunsli</span> <span class='ocrx_word' id='word_1_511' title='bbox 524 3513 568 3579; x_wconf 87' lang='lat' dir='ltr'>lit,</span> <span class='ocrx_word' id='word_1_512' title='bbox 584 3517 624 3568; x_wconf 84' lang='lat' dir='ltr'>rel</span> <span class='ocrx_word' id='word_1_513' title='bbox 643 3517 793 3586; x_wconf 81' lang='lat' dir='ltr'>specialiter</span> <span class='ocrx_word' id='word_1_514' title='bbox 813 3525 918 3582; x_wconf 77' lang='lat' dir='ltr'>rogatus</span> <span class='ocrx_word' id='word_1_515' title='bbox 934 3517 965 3570; x_wconf 89' lang='lat' dir='ltr'>ed</span> <span class='ocrx_word' id='word_1_516' title='bbox 988 3529 1137 3573; x_wconf 74' lang='lat' dir='ltr'>testatorem</span> <span class='ocrx_word' id='word_1_517' title='bbox 1156 3519 1270 3583; x_wconf 84' lang='lat' dir='ltr'>secedet,</span> <span class='ocrx_word' id='word_1_518' title='bbox 1290 3520 1405 3576; x_wconf 88' lang='lat' dir='ltr'>sednon</span> <span class='ocrx_word' id='word_1_519' title='bbox 1425 3525 1509 3585; x_wconf 86' lang='lat' dir='ltr'>solos,</span> <span class='ocrx_word' id='word_1_520' title='bbox 1529 3537 1618 3578; x_wconf 84' lang='lat' dir='ltr'>rerum</span> 
     </span>
     <span class='ocr_line' id='line_1_40' title="bbox 176 3600 1501 3670; baseline 0.001 -13"><span class='ocrx_word' id='word_1_521' title='bbox 176 3609 317 3660; x_wconf 77' lang='lat' dir='ltr'>minitatus</span> <span class='ocrx_word' id='word_1_522' title='bbox 335 3605 372 3658; x_wconf 87' lang='lat' dir='ltr'>sel</span> <span class='ocrx_word' id='word_1_523' title='bbox 391 3602 507 3656; x_wconf 87' lang='lat' dir='ltr'>scabinis</span> <span class='ocrx_word' id='word_1_524' title='bbox 525 3601 565 3654; x_wconf 88' lang='lat' dir='ltr'>rel</span> <span class='ocrx_word' id='word_1_525' title='bbox 583 3601 679 3668; x_wconf 89' lang='lat' dir='ltr'>judicii</span> <span class='ocrx_word' id='word_1_526' title='bbox 698 3600 808 3662; x_wconf 80' lang='lat' dir='ltr'>noterio,</span> <span class='ocrx_word' id='word_1_527' title='bbox 828 3618 885 3667; x_wconf 80' lang='lat' dir='ltr'>cup.</span> <span class='ocrx_word' id='word_1_528' title='bbox 898 3604 943 3653; x_wconf 92' lang='grc'>11.</span> <span class='ocrx_word' id='word_1_529' title='bbox 956 3603 991 3654; x_wconf 83' lang='grc' dir='ltr'>Χ.</span> <span class='ocrx_word' id='word_1_530' title='bbox 1004 3600 1037 3656; x_wconf 77' lang='lat' dir='ltr'>da·</span> <span class='ocrx_word' id='word_1_531' title='bbox 1048 3603 1153 3670; x_wconf 81' lang='lat' dir='ltr'>probet.</span> <span class='ocrx_word' id='word_1_532' title='bbox 1168 3615 1196 3657; x_wconf 90' lang='lat' dir='ltr'>et</span> <span class='ocrx_word' id='word_1_533' title='bbox 1206 3621 1230 3656; x_wconf 86' lang='lat' dir='ltr'>e.</span> <span class='ocrx_word' id='word_1_534' title='bbox 1240 3604 1284 3658; x_wconf 72' lang='lat'>28.</span> <span class='ocrx_word' id='word_1_535' title='bbox 1295 3606 1329 3660; x_wconf 81' lang='grc' dir='ltr'>Χ.</span> <span class='ocrx_word' id='word_1_536' title='bbox 1341 3606 1373 3662; x_wconf 80' lang='lat' dir='ltr'>dc</span> <span class='ocrx_word' id='word_1_537' title='bbox 1384 3609 1501 3662; x_wconf 83' lang='lat' dir='ltr'>testibus.</span> 
     </span>
    </p>

    <p class='ocr_par' dir='ltr' id='par_1_15' title="bbox 213 3677 1812 3762">
     <span class='ocr_line' id='line_1_41' title="bbox 213 3677 1812 3762; baseline -0.001 -18"><span class='ocrx_word' id='word_1_538' title='bbox 213 3705 232 3758; x_wconf 64' lang='grc' dir='ltr'><strong>ς</strong></span> <span class='ocrx_word' id='word_1_539' title='bbox 253 3691 304 3744; x_wconf 76' lang='grc'>73.</span> <span class='ocrx_word' id='word_1_540' title='bbox 323 3687 438 3742; x_wconf 86' lang='lat' dir='ltr'>Surdum</span> <span class='ocrx_word' id='word_1_541' title='bbox 456 3695 484 3740; x_wconf 89' lang='grc' dir='ltr'>ιι</span> <span class='ocrx_word' id='word_1_542' title='bbox 502 3699 600 3740; x_wconf 88' lang='lat' dir='ltr'>mutum</span> <span class='ocrx_word' id='word_1_543' title='bbox 619 3693 729 3748; x_wconf 86' lang='lat' dir='ltr'>nature,</span> <span class='ocrx_word' id='word_1_544' title='bbox 743 3685 768 3737; x_wconf 94' lang='lat' dir='ltr'>si</span> <span class='ocrx_word' id='word_1_545' title='bbox 786 3686 851 3738; x_wconf 89' lang='lat' dir='ltr'>alias</span> <span class='ocrx_word' id='word_1_546' title='bbox 869 3687 950 3738; x_wconf 89' lang='lat' dir='ltr'>animi</span> <span class='ocrx_word' id='word_1_547' title='bbox 970 3703 1044 3739; x_wconf 90' lang='lat' dir='ltr'>sensa</span> <span class='ocrx_word' id='word_1_548' title='bbox 1062 3686 1177 3743; x_wconf 90' lang='lat' dir='ltr'>dilucide</span> <span class='ocrx_word' id='word_1_549' title='bbox 1197 3690 1311 3759; x_wconf 86' lang='lat' dir='ltr'>pendere</span> <span class='ocrx_word' id='word_1_550' title='bbox 1329 3693 1425 3762; x_wconf 88' lang='lat' dir='ltr'>possit,</span> <span class='ocrx_word' id='word_1_551' title='bbox 1444 3693 1523 3745; x_wconf 90' lang='lat' dir='ltr'>etiarn</span> <span class='ocrx_word' id='word_1_552' title='bbox 1543 3703 1620 3746; x_wconf 89' lang='lat' dir='ltr'>tests·</span> <span class='ocrx_word' id='word_1_553' title='bbox 1711 3677 1758 3722; x_wconf 59' lang='grc' dir='ltr'>Τῑῑ·</span> <span class='ocrx_word' id='word_1_554' title='bbox 1777 3679 1812 3723; x_wconf 76' lang='lat'>⁴⁴·</span> 
     </span>
    </p>
   </div>
   <div class='ocr_carea' id='block_1_3' title="bbox 174 3740 1860 3847">
    <p class='ocr_par' dir='ltr' id='par_1_16' title="bbox 174 3740 1860 3847">
     <span class='ocr_line' id='line_1_42' title="bbox 174 3740 1860 3847; baseline -0.001 -19"><span class='ocrx_word' id='word_1_555' title='bbox 174 3787 306 3836; x_wconf 67' lang='lat' dir='ltr'>mentum,</span> <span class='ocrx_word' id='word_1_556' title='bbox 323 3773 464 3828; x_wconf 80' lang='lat' dir='ltr'>concedere</span> <span class='ocrx_word' id='word_1_557' title='bbox 483 3774 575 3840; x_wconf 80' lang='lat' dir='ltr'>eslere,</span> <span class='ocrx_word' id='word_1_558' title='bbox 596 3770 712 3824; x_wconf 88' lang='lat' dir='ltr'>moribus</span> <span class='ocrx_word' id='word_1_559' title='bbox 732 3771 817 3824; x_wconf 90' lang='lat' dir='ltr'>serius</span> <span class='ocrx_word' id='word_1_560' title='bbox 835 3788 903 3835; x_wconf 90' lang='lat' dir='ltr'>reor,</span> <span class='ocrx_word' id='word_1_561' title='bbox 923 3789 975 3824; x_wconf 90' lang='lat' dir='ltr'>uon</span> <span class='ocrx_word' id='word_1_562' title='bbox 994 3771 1058 3824; x_wconf 86' lang='lat' dir='ltr'>adeo</span> <span class='ocrx_word' id='word_1_563' title='bbox 1076 3774 1164 3844; x_wconf 86' lang='lat' dir='ltr'>itsque</span> <span class='ocrx_word' id='word_1_564' title='bbox 1182 3777 1294 3844; x_wconf 81' lang='lat' dir='ltr'>sperisle</span> <span class='ocrx_word' id='word_1_565' title='bbox 1307 3777 1420 3846; x_wconf 89' lang='lat' dir='ltr'>emplius</span> <span class='ocrx_word' id='word_1_566' title='bbox 1434 3786 1474 3828; x_wconf 85' lang='lat' dir='ltr'>est</span> <span class='ocrx_word' id='word_1_567' title='bbox 1485 3780 1513 3828; x_wconf 90' lang='lat' dir='ltr'>io</span> <span class='ocrx_word' id='word_1_568' title='bbox 1528 3777 1620 3830; x_wconf 87' lang='lat' dir='ltr'>milite.</span> <span class='ocrx_word' id='word_1_569' title='bbox 1644 3740 1860 3847; x_wconf 51' lang='lat' dir='ltr'>‚gzn&#39;ffumm&#39;</span> 
     </span>
    </p>
   </div>
   <div class='ocr_carea' id='block_1_4' title="bbox 175 3853 1866 5622">
    <p class='ocr_par' dir='ltr' id='par_1_17' title="bbox 175 3853 1620 4168">
     <span class='ocr_line' id='line_1_43' title="bbox 209 3853 1620 3927; baseline -0.004 -15"><span class='ocrx_word' id='word_1_570' title='bbox 209 3863 234 3927; x_wconf 79' lang='grc' dir='ltr'>ς.</span> <span class='ocrx_word' id='word_1_571' title='bbox 255 3859 307 3912; x_wconf 78' lang='lat' dir='ltr'>to.</span> <span class='ocrx_word' id='word_1_572' title='bbox 325 3861 525 3912; x_wconf 83' lang='lat' dir='ltr'>Testamentum</span> <span class='ocrx_word' id='word_1_573' title='bbox 544 3879 559 3913; x_wconf 92' lang='lat' dir='ltr'>a</span> <span class='ocrx_word' id='word_1_574' title='bbox 578 3857 665 3908; x_wconf 85' lang='lat' dir='ltr'>milite</span> <span class='ocrx_word' id='word_1_575' title='bbox 682 3865 743 3908; x_wconf 92' lang='lat' dir='ltr'>ante</span> <span class='ocrx_word' id='word_1_576' title='bbox 762 3854 886 3908; x_wconf 87' lang='lat' dir='ltr'>militiam</span> <span class='ocrx_word' id='word_1_577' title='bbox 901 3870 953 3906; x_wconf 89' lang='lat' dir='ltr'>nnn</span> <span class='ocrx_word' id='word_1_578' title='bbox 972 3855 1024 3909; x_wconf 90' lang='lat' dir='ltr'>rite</span> <span class='ocrx_word' id='word_1_579' title='bbox 1043 3853 1151 3920; x_wconf 85' lang='lat' dir='ltr'>iscium,</span> <span class='ocrx_word' id='word_1_580' title='bbox 1164 3857 1304 3912; x_wconf 90' lang='lat' dir='ltr'>seeundum</span> <span class='ocrx_word' id='word_1_581' title='bbox 1324 3859 1513 3920; x_wconf 86' lang='lat' dir='ltr'>inscornmuoe</span> <span class='ocrx_word' id='word_1_582' title='bbox 1525 3853 1620 3909; x_wconf 79' lang='lat' dir='ltr'>efficax</span> 
     </span>
     <span class='ocr_line' id='line_1_44' title="bbox 178 3939 1619 4013; baseline -0.002 -17"><span class='ocrx_word' id='word_1_583' title='bbox 178 3941 241 4000; x_wconf 84' lang='lat' dir='ltr'>fieri</span> <span class='ocrx_word' id='word_1_584' title='bbox 263 3951 362 4013; x_wconf 82' lang='lat' dir='ltr'>potest,</span> <span class='ocrx_word' id='word_1_585' title='bbox 383 3942 406 3994; x_wconf 91' lang='lat' dir='ltr'>si</span> <span class='ocrx_word' id='word_1_586' title='bbox 425 3941 454 3992; x_wconf 93' lang='lat' dir='ltr'>in</span> <span class='ocrx_word' id='word_1_587' title='bbox 473 3941 529 3993; x_wconf 89' lang='lat' dir='ltr'>scie</span> <span class='ocrx_word' id='word_1_588' title='bbox 547 3939 663 4003; x_wconf 78' lang='lat' dir='ltr'>decedet,</span> <span class='ocrx_word' id='word_1_589' title='bbox 682 3951 708 3992; x_wconf 95' lang='lat' dir='ltr'>et</span> <span class='ocrx_word' id='word_1_590' title='bbox 726 3941 764 3994; x_wconf 89' lang='lat' dir='ltr'>sel</span> <span class='ocrx_word' id='word_1_591' title='bbox 782 3955 907 4008; x_wconf 84' lang='lat' dir='ltr'>expresse</span> <span class='ocrx_word' id='word_1_592' title='bbox 924 3957 952 3994; x_wconf 85' lang='lat' dir='ltr'>se</span> <span class='ocrx_word' id='word_1_593' title='bbox 969 3940 996 3990; x_wconf 94' lang='lat' dir='ltr'>id</span> <span class='ocrx_word' id='word_1_594' title='bbox 1015 3941 1081 3993; x_wconf 86' lang='lat' dir='ltr'>selle</span> <span class='ocrx_word' id='word_1_595' title='bbox 1097 3939 1278 4008; x_wconf 83' lang='lat' dir='ltr'>deolsrsrerit,</span> <span class='ocrx_word' id='word_1_596' title='bbox 1296 3942 1337 3996; x_wconf 86' lang='lat' dir='ltr'>rel</span> <span class='ocrx_word' id='word_1_597' title='bbox 1354 3943 1491 3996; x_wconf 84' lang='lat' dir='ltr'>addiderit</span> <span class='ocrx_word' id='word_1_598' title='bbox 1507 3942 1619 4009; x_wconf 83' lang='lat' dir='ltr'>aliquid,</span> 
     </span>
     <span class='ocr_line' id='line_1_45' title="bbox 175 4023 1620 4098; baseline -0.003 -15"><span class='ocrx_word' id='word_1_599' title='bbox 175 4045 215 4085; x_wconf 76' lang='lat' dir='ltr'>sut</span> <span class='ocrx_word' id='word_1_600' title='bbox 239 4025 390 4083; x_wconf 87' lang='lat' dir='ltr'>detraxerit</span> <span class='ocrx_word' id='word_1_601' title='bbox 409 4024 454 4077; x_wconf 90' lang='lat' dir='ltr'>isti</span> <span class='ocrx_word' id='word_1_602' title='bbox 475 4033 639 4088; x_wconf 83' lang='lat' dir='ltr'>testamento,</span> <span class='ocrx_word' id='word_1_603' title='bbox 658 4023 787 4077; x_wconf 87' lang='lat' dir='ltr'>rientem</span> <span class='ocrx_word' id='word_1_604' title='bbox 806 4023 895 4076; x_wconf 90' lang='lat' dir='ltr'>nullus</span> <span class='ocrx_word' id='word_1_605' title='bbox 912 4037 986 4078; x_wconf 84' lang='lat' dir='ltr'>setus</span> <span class='ocrx_word' id='word_1_606' title='bbox 1006 4025 1063 4078; x_wconf 89' lang='lat' dir='ltr'>talis</span> <span class='ocrx_word' id='word_1_607' title='bbox 1082 4023 1263 4094; x_wconf 78' lang='lat' dir='ltr'>intervenerit,</span> <span class='ocrx_word' id='word_1_608' title='bbox 1276 4039 1348 4083; x_wconf 91' lang='lat' dir='ltr'>antes</span> <span class='ocrx_word' id='word_1_609' title='bbox 1363 4043 1415 4080; x_wconf 90' lang='lat' dir='ltr'>non</span> <span class='ocrx_word' id='word_1_610' title='bbox 1434 4030 1503 4098; x_wconf 84' lang='lat' dir='ltr'>juste</span> <span class='ocrx_word' id='word_1_611' title='bbox 1514 4025 1620 4092; x_wconf 85' lang='lat' dir='ltr'>iscium,</span> 
     </span>
     <span class='ocr_line' id='line_1_46' title="bbox 177 4107 483 4168; baseline -0.023 0"><span class='ocrx_word' id='word_1_612' title='bbox 177 4135 207 4168; x_wconf 88' lang='lat' dir='ltr'>eo</span> <span class='ocrx_word' id='word_1_613' title='bbox 227 4130 284 4166; x_wconf 89' lang='lat' dir='ltr'>non</span> <span class='ocrx_word' id='word_1_614' title='bbox 304 4107 339 4161; x_wconf 82' lang='lat' dir='ltr'>fit</span> <span class='ocrx_word' id='word_1_615' title='bbox 356 4109 483 4163; x_wconf 78' lang='lat' dir='ltr'>validum.</span> 
     </span>
    </p>

    <p class='ocr_par' dir='ltr' id='par_1_18' title="bbox 183 4192 1864 4606">
     <span class='ocr_line' id='line_1_47' title="bbox 215 4192 1818 4271; baseline 0.002 -23"><span class='ocrx_word' id='word_1_616' title='bbox 215 4199 240 4270; x_wconf 66' lang='grc' dir='ltr'>ς.</span> <span class='ocrx_word' id='word_1_617' title='bbox 261 4197 309 4248; x_wconf 82' lang='grc'>77.</span> <span class='ocrx_word' id='word_1_618' title='bbox 333 4195 450 4262; x_wconf 70' lang='lat' dir='ltr'>Prodigi,</span> <span class='ocrx_word' id='word_1_619' title='bbox 469 4193 492 4246; x_wconf 92' lang='lat' dir='ltr'>si</span> <span class='ocrx_word' id='word_1_620' title='bbox 511 4195 654 4250; x_wconf 89' lang='lat' dir='ltr'>morientes</span> <span class='ocrx_word' id='word_1_621' title='bbox 672 4195 700 4250; x_wconf 91' lang='lat' dir='ltr'>in</span> <span class='ocrx_word' id='word_1_622' title='bbox 721 4205 873 4252; x_wconf 87' lang='lat' dir='ltr'>testemeoto</span> <span class='ocrx_word' id='word_1_623' title='bbox 891 4197 958 4251; x_wconf 90' lang='lat' dir='ltr'>bene</span> <span class='ocrx_word' id='word_1_624' title='bbox 975 4199 1161 4266; x_wconf 81' lang='lat' dir='ltr'>prospexerint</span> <span class='ocrx_word' id='word_1_625' title='bbox 1180 4199 1337 4267; x_wconf 73' lang='lat' dir='ltr'>posteritati,</span> <span class='ocrx_word' id='word_1_626' title='bbox 1357 4201 1429 4253; x_wconf 87' lang='lat' dir='ltr'>serb.</span> <span class='ocrx_word' id='word_1_627' title='bbox 1446 4209 1511 4268; x_wconf 74' lang='lat' dir='ltr'>grat.</span> <span class='ocrx_word' id='word_1_628' title='bbox 1524 4201 1546 4252; x_wconf 93' lang='lat' dir='ltr'>si</span> <span class='ocrx_word' id='word_1_629' title='bbox 1566 4201 1622 4271; x_wconf 92' lang='lat' dir='ltr'>piis</span> <span class='ocrx_word' id='word_1_630' title='bbox 1705 4195 1752 4240; x_wconf 79' lang='lat' dir='ltr'>Tit.</span> <span class='ocrx_word' id='word_1_631' title='bbox 1781 4192 1818 4240; x_wconf 73' lang='lat'>⁴²·</span> 
     </span>
     <span class='ocr_line' id='line_1_48' title="bbox 183 4257 1863 4348; baseline -0.011 2"><span class='ocrx_word' id='word_1_632' title='bbox 183 4286 272 4338; x_wconf 64' lang='lat'>“⁰⁸5⁵</span> <span class='ocrx_word' id='word_1_633' title='bbox 292 4279 462 4346; x_wconf 60' lang='lat' dir='ltr'>&#39;‘litulfliib</span> <span class='ocrx_word' id='word_1_634' title='bbox 480 4280 520 4332; x_wconf 71' lang='lat'>&#39;0¹</span> <span class='ocrx_word' id='word_1_635' title='bbox 539 4297 583 4332; x_wconf 60' lang='grc' dir='ltr'>σοι</span> <span class='ocrx_word' id='word_1_636' title='bbox 601 4281 771 4344; x_wconf 77' lang='lat' dir='ltr'>instituerint,</span> <span class='ocrx_word' id='word_1_637' title='bbox 789 4283 834 4348; x_wconf 84' lang='lat' dir='ltr'>qui</span> <span class='ocrx_word' id='word_1_638' title='bbox 853 4282 918 4336; x_wconf 90' lang='lat' dir='ltr'>alias</span> <span class='ocrx_word' id='word_1_639' title='bbox 935 4284 968 4335; x_wconf 93' lang='lat' dir='ltr'>ab</span> <span class='ocrx_word' id='word_1_640' title='bbox 987 4285 1109 4336; x_wconf 89' lang='lat' dir='ltr'>iotesssto</span> <span class='ocrx_word' id='word_1_641' title='bbox 1129 4284 1270 4338; x_wconf 86' lang='lat' dir='ltr'>successori</span> <span class='ocrx_word' id='word_1_642' title='bbox 1290 4284 1412 4348; x_wconf 87' lang='lat' dir='ltr'>inissent,</span> <span class='ocrx_word' id='word_1_643' title='bbox 1428 4287 1489 4338; x_wconf 87' lang='lat' dir='ltr'>iiret</span> <span class='ocrx_word' id='word_1_644' title='bbox 1502 4287 1619 4338; x_wconf 89' lang='lat' dir='ltr'>nondum</span> <span class='ocrx_word' id='word_1_645' title='bbox 1648 4257 1736 4314; x_wconf 58' lang='grc' dir='ltr'>ρ”ὣω</span> <span class='ocrx_word' id='word_1_646' title='bbox 1760 4271 1802 4300; x_wconf 79' lang='lat'>&#39;‘⁰&#39;‘</span> <span class='ocrx_word' id='word_1_647' title='bbox 1829 4266 1863 4304; x_wconf 74' lang='lat'>‘¹‘</span> 
     </span>
     <span class='ocr_line' id='line_1_49' title="bbox 185 4319 1864 4440; baseline 0.002 -18"><span class='ocrx_word' id='word_1_648' title='bbox 185 4387 229 4440; x_wconf 90' lang='lat' dir='ltr'>per</span> <span class='ocrx_word' id='word_1_649' title='bbox 250 4367 414 4421; x_wconf 83' lang='lat' dir='ltr'>sententiam</span> <span class='ocrx_word' id='word_1_650' title='bbox 434 4365 550 4417; x_wconf 84' lang='lat' dir='ltr'>restituti</span> <span class='ocrx_word' id='word_1_651' title='bbox 570 4367 626 4415; x_wconf 90' lang='lat' dir='ltr'>siut</span> <span class='ocrx_word' id='word_1_652' title='bbox 643 4365 671 4416; x_wconf 91' lang='lat' dir='ltr'>io</span> <span class='ocrx_word' id='word_1_653' title='bbox 689 4365 822 4420; x_wconf 87' lang='lat' dir='ltr'>seniorem</span> <span class='ocrx_word' id='word_1_654' title='bbox 841 4377 947 4432; x_wconf 90' lang='lat' dir='ltr'>ststnm,</span> <span class='ocrx_word' id='word_1_655' title='bbox 967 4377 1053 4419; x_wconf 87' lang='lat' dir='ltr'>tamen</span> <span class='ocrx_word' id='word_1_656' title='bbox 1071 4369 1165 4421; x_wconf 81' lang='lat' dir='ltr'>ultimo</span> <span class='ocrx_word' id='word_1_657' title='bbox 1185 4370 1302 4422; x_wconf 76' lang='lat' dir='ltr'>voluutas</span> <span class='ocrx_word' id='word_1_658' title='bbox 1320 4387 1408 4423; x_wconf 86' lang='lat' dir='ltr'>eorum</span> <span class='ocrx_word' id='word_1_659' title='bbox 1429 4371 1555 4432; x_wconf 90' lang='lat' dir='ltr'>subsistit,</span> <span class='ocrx_word' id='word_1_660' title='bbox 1569 4387 1622 4422; x_wconf 91' lang='lat' dir='ltr'>non</span> <span class='ocrx_word' id='word_1_661' title='bbox 1646 4319 1864 4426; x_wconf 43' lang='lat' dir='ltr'>&amp;mmmm</span> 
     </span>
     <span class='ocr_line' id='line_1_50' title="bbox 184 4446 1621 4524; baseline 0.001 -18"><span class='ocrx_word' id='word_1_662' title='bbox 184 4467 234 4506; x_wconf 80' lang='lat' dir='ltr'>tum</span> <span class='ocrx_word' id='word_1_663' title='bbox 254 4454 291 4504; x_wconf 86' lang='lat' dir='ltr'>ob</span> <span class='ocrx_word' id='word_1_664' title='bbox 312 4467 382 4504; x_wconf 86' lang='lat' dir='ltr'>nou.</span> <span class='ocrx_word' id='word_1_665' title='bbox 400 4449 442 4502; x_wconf 89' lang='grc'>33.</span> <span class='ocrx_word' id='word_1_666' title='bbox 461 4446 566 4511; x_wconf 87' lang='lat' dir='ltr'>Leonis,</span> <span class='ocrx_word' id='word_1_667' title='bbox 583 4464 650 4515; x_wconf 84' lang='lat' dir='ltr'>quae</span> <span class='ocrx_word' id='word_1_668' title='bbox 669 4449 775 4518; x_wconf 89' lang='lat' dir='ltr'>plenum</span> <span class='ocrx_word' id='word_1_669' title='bbox 795 4453 875 4505; x_wconf 91' lang='lat' dir='ltr'>robur</span> <span class='ocrx_word' id='word_1_670' title='bbox 893 4452 922 4505; x_wconf 91' lang='lat' dir='ltr'>in</span> <span class='ocrx_word' id='word_1_671' title='bbox 941 4452 1056 4524; x_wconf 87' lang='lat' dir='ltr'>imperio</span> <span class='ocrx_word' id='word_1_672' title='bbox 1073 4469 1126 4505; x_wconf 87' lang='lat' dir='ltr'>noo</span> <span class='ocrx_word' id='word_1_673' title='bbox 1144 4454 1240 4520; x_wconf 83' lang='lat' dir='ltr'>babet,</span> <span class='ocrx_word' id='word_1_674' title='bbox 1257 4470 1336 4524; x_wconf 84' lang='lat' dir='ltr'>quam</span> <span class='ocrx_word' id='word_1_675' title='bbox 1353 4469 1518 4508; x_wconf 87' lang='lat' dir='ltr'>communem</span> <span class='ocrx_word' id='word_1_676' title='bbox 1538 4455 1621 4509; x_wconf 89' lang='lat' dir='ltr'>inter·</span> 
     </span>
     <span class='ocr_line' id='line_1_51' title="bbox 184 4534 813 4606; baseline -0.005 -15"><span class='ocrx_word' id='word_1_677' title='bbox 184 4551 290 4606; x_wconf 89' lang='lat' dir='ltr'>pretum</span> <span class='ocrx_word' id='word_1_678' title='bbox 313 4534 472 4588; x_wconf 87' lang='lat' dir='ltr'>seutentiam</span> <span class='ocrx_word' id='word_1_679' title='bbox 494 4541 519 4585; x_wconf 92' lang='lat' dir='ltr'>et</span> <span class='ocrx_word' id='word_1_680' title='bbox 539 4535 710 4600; x_wconf 85' lang='lat' dir='ltr'>receptiorem</span> <span class='ocrx_word' id='word_1_681' title='bbox 730 4552 813 4588; x_wconf 89' lang='lat' dir='ltr'>usum.</span> 
     </span>
    </p>

    <p class='ocr_par' dir='ltr' id='par_1_19' title="bbox 184 4615 1623 4776">
     <span class='ocr_line' id='line_1_52' title="bbox 216 4615 1623 4696; baseline 0.001 -21"><span class='ocrx_word' id='word_1_682' title='bbox 216 4625 241 4696; x_wconf 70' lang='grc' dir='ltr'><strong>ξ.</strong></span> <span class='ocrx_word' id='word_1_683' title='bbox 260 4625 308 4675; x_wconf 89' lang='grc'><strong>78.</strong></span> <span class='ocrx_word' id='word_1_684' title='bbox 328 4617 529 4676; x_wconf 74' lang='lat' dir='ltr'>t&#39;tt&#39;ustsmtttus</span> <span class='ocrx_word' id='word_1_685' title='bbox 548 4615 674 4669; x_wconf 89' lang='lat' dir='ltr'>debonis</span> <span class='ocrx_word' id='word_1_686' title='bbox 692 4617 858 4685; x_wconf 88' lang='lat' dir='ltr'>adsentitiis,</span> <span class='ocrx_word' id='word_1_687' title='bbox 877 4619 1023 4689; x_wconf 83' lang='lat' dir='ltr'>dequibus</span> <span class='ocrx_word' id='word_1_688' title='bbox 1049 4621 1118 4689; x_wconf 89' lang='lat' dir='ltr'>patri</span> <span class='ocrx_word' id='word_1_689' title='bbox 1144 4617 1309 4674; x_wconf 70' lang='lat' dir='ltr'>ususfructus</span> <span class='ocrx_word' id='word_1_690' title='bbox 1332 4623 1474 4693; x_wconf 88' lang='lat' dir='ltr'>ademptos</span> <span class='ocrx_word' id='word_1_691' title='bbox 1497 4631 1554 4688; x_wconf 90' lang='lat' dir='ltr'>est,</span> <span class='ocrx_word' id='word_1_692' title='bbox 1572 4624 1623 4690; x_wconf 82' lang='lat' dir='ltr'>ior.</span> 
     </span>
     <span class='ocr_line' id='line_1_53' title="bbox 184 4703 1140 4776; baseline -0.004 -15"><span class='ocrx_word' id='word_1_693' title='bbox 184 4727 239 4761; x_wconf 89' lang='lat' dir='ltr'>ean.</span> <span class='ocrx_word' id='word_1_694' title='bbox 258 4709 293 4760; x_wconf 92' lang='lat' dir='ltr'>ad</span> <span class='ocrx_word' id='word_1_695' title='bbox 315 4709 373 4776; x_wconf 85' lang='lat' dir='ltr'>pies</span> <span class='ocrx_word' id='word_1_696' title='bbox 390 4721 478 4756; x_wconf 87' lang='lat' dir='ltr'>csusas</span> <span class='ocrx_word' id='word_1_697' title='bbox 497 4705 587 4755; x_wconf 89' lang='lat' dir='ltr'>testari</span> <span class='ocrx_word' id='word_1_698' title='bbox 608 4704 680 4755; x_wconf 76' lang='lat' dir='ltr'>sslet.</span> <span class='ocrx_word' id='word_1_699' title='bbox 698 4721 757 4774; x_wconf 80' lang='lat' dir='ltr'>urg.</span> <span class='ocrx_word' id='word_1_700' title='bbox 771 4721 793 4756; x_wconf 88' lang='lat' dir='ltr'>n.</span> <span class='ocrx_word' id='word_1_701' title='bbox 808 4703 832 4759; x_wconf 81' lang='lat' dir='ltr'>i.</span> <span class='ocrx_word' id='word_1_702' title='bbox 847 4707 880 4758; x_wconf 84' lang='lat' dir='ltr'>dc</span> <span class='ocrx_word' id='word_1_703' title='bbox 892 4707 1029 4772; x_wconf 80' lang='lat' dir='ltr'>repetitura</span> <span class='ocrx_word' id='word_1_704' title='bbox 1044 4707 1071 4760; x_wconf 82' lang='lat' dir='ltr'>in</span> <span class='ocrx_word' id='word_1_705' title='bbox 1085 4707 1140 4760; x_wconf 80' lang='lat' dir='ltr'>dto.</span> 
     </span>
    </p>

    <p class='ocr_par' dir='ltr' id='par_1_20' title="bbox 182 4783 1865 5121">
     <span class='ocr_line' id='line_1_54' title="bbox 214 4783 1811 4863; baseline 0.002 -23"><span class='ocrx_word' id='word_1_706' title='bbox 214 4791 238 4862; x_wconf 67' lang='grc' dir='ltr'><strong>ξ.</strong></span> <span class='ocrx_word' id='word_1_707' title='bbox 258 4789 307 4842; x_wconf 88' lang='grc'>73.</span> <span class='ocrx_word' id='word_1_708' title='bbox 326 4788 533 4847; x_wconf 85' lang='lat' dir='ltr'>Testamentum,</span> <span class='ocrx_word' id='word_1_709' title='bbox 553 4783 580 4835; x_wconf 88' lang='lat' dir='ltr'>iu</span> <span class='ocrx_word' id='word_1_710' title='bbox 598 4803 649 4853; x_wconf 91' lang='lat' dir='ltr'>quo</span> <span class='ocrx_word' id='word_1_711' title='bbox 667 4785 746 4838; x_wconf 91' lang='lat' dir='ltr'>liberi</span> <span class='ocrx_word' id='word_1_712' title='bbox 764 4799 827 4841; x_wconf 91' lang='lat' dir='ltr'>suot</span> <span class='ocrx_word' id='word_1_713' title='bbox 844 4791 981 4858; x_wconf 91' lang='lat' dir='ltr'>praeteriti</span> <span class='ocrx_word' id='word_1_714' title='bbox 1000 4808 1012 4841; x_wconf 91' lang='lat' dir='ltr'>a</span> <span class='ocrx_word' id='word_1_715' title='bbox 1033 4803 1115 4859; x_wconf 80' lang='lat' dir='ltr'>patre,</span> <span class='ocrx_word' id='word_1_716' title='bbox 1134 4789 1213 4843; x_wconf 89' lang='lat' dir='ltr'>etiam</span> <span class='ocrx_word' id='word_1_717' title='bbox 1233 4804 1294 4863; x_wconf 90' lang='lat' dir='ltr'>post</span> <span class='ocrx_word' id='word_1_718' title='bbox 1311 4793 1444 4846; x_wconf 69' lang='lat' dir='ltr'>novettae</span> <span class='ocrx_word' id='word_1_719' title='bbox 1465 4791 1526 4843; x_wconf 76' lang='grc'><strong>118.</strong></span> <span class='ocrx_word' id='word_1_720' title='bbox 1553 4808 1577 4844; x_wconf 90' lang='lat' dir='ltr'>e.</span> <span class='ocrx_word' id='word_1_721' title='bbox 1597 4793 1623 4843; x_wconf 86' lang='grc'>3.</span> <span class='ocrx_word' id='word_1_722' title='bbox 1708 4793 1755 4837; x_wconf 79' lang='lat' dir='ltr'>Tit·</span> <span class='ocrx_word' id='word_1_723' title='bbox 1775 4792 1811 4837; x_wconf 81' lang='grc'>13-</span> 
     </span>
     <span class='ocr_line' id='line_1_55' title="bbox 182 4853 1865 4960; baseline -0.007 -27"><span class='ocrx_word' id='word_1_724' title='bbox 182 4881 285 4933; x_wconf 84' lang='lat' dir='ltr'>nullum</span> <span class='ocrx_word' id='word_1_725' title='bbox 307 4889 355 4930; x_wconf 90' lang='grc' dir='ltr'><strong>ιιι.</strong></span> <span class='ocrx_word' id='word_1_726' title='bbox 372 4871 487 4928; x_wconf 84' lang='lat' dir='ltr'>Praetiei</span> <span class='ocrx_word' id='word_1_727' title='bbox 508 4885 594 4927; x_wconf 83' lang='lat' dir='ltr'>terren</span> <span class='ocrx_word' id='word_1_728' title='bbox 615 4872 659 4924; x_wconf 87' lang='lat' dir='ltr'>tali</span> <span class='ocrx_word' id='word_1_729' title='bbox 677 4889 737 4925; x_wconf 84' lang='lat' dir='ltr'>cusu</span> <span class='ocrx_word' id='word_1_730' title='bbox 756 4874 836 4941; x_wconf 70' lang='lat' dir='ltr'>legets</span> <span class='ocrx_word' id='word_1_731' title='bbox 854 4884 882 4928; x_wconf 91' lang='lat' dir='ltr'>et</span> <span class='ocrx_word' id='word_1_732' title='bbox 897 4871 1105 4928; x_wconf 79' lang='lat' dir='ltr'>lisleiconssnisse</span> <span class='ocrx_word' id='word_1_733' title='bbox 1125 4875 1277 4947; x_wconf 83' lang='lat' dir='ltr'>pierumque</span> <span class='ocrx_word' id='word_1_734' title='bbox 1294 4879 1383 4932; x_wconf 84' lang='lat' dir='ltr'>solunt</span> <span class='ocrx_word' id='word_1_735' title='bbox 1401 4878 1548 4931; x_wconf 89' lang='lat' dir='ltr'>subsistere·</span> <span class='ocrx_word' id='word_1_736' title='bbox 1649 4853 1865 4960; x_wconf 51' lang='lat' dir='ltr'>D‘Jffh‘fl&#39;m*</span> 
     </span>
     <span class='ocr_line' id='line_1_56' title="bbox 220 4931 1812 5034; baseline -0.002 -20"><span class='ocrx_word' id='word_1_737' title='bbox 220 4972 241 5024; x_wconf 84' lang='grc' dir='ltr'>ς.</span> <span class='ocrx_word' id='word_1_738' title='bbox 260 4966 307 5016; x_wconf 77' lang='grc'><strong>80.</strong></span> <span class='ocrx_word' id='word_1_739' title='bbox 329 4961 440 5034; x_wconf 82' lang='lat' dir='ltr'>stsndo</span> <span class='ocrx_word' id='word_1_740' title='bbox 459 4969 534 5028; x_wconf 89' lang='lat' dir='ltr'>pater</span> <span class='ocrx_word' id='word_1_741' title='bbox 553 4957 650 5009; x_wconf 92' lang='lat' dir='ltr'>liberos</span> <span class='ocrx_word' id='word_1_742' title='bbox 668 4958 889 5024; x_wconf 83' lang='lat' dir='ltr'>esbeereslssset,</span> <span class='ocrx_word' id='word_1_743' title='bbox 906 4969 933 5010; x_wconf 95' lang='lat' dir='ltr'>et</span> <span class='ocrx_word' id='word_1_744' title='bbox 951 4959 1048 5011; x_wconf 85' lang='lat' dir='ltr'>nulisns</span> <span class='ocrx_word' id='word_1_745' title='bbox 1068 4961 1295 5015; x_wconf 81' lang='lat' dir='ltr'>exhaeredationis</span> <span class='ocrx_word' id='word_1_746' title='bbox 1313 4979 1415 5014; x_wconf 83' lang='lat' dir='ltr'>reusam</span> <span class='ocrx_word' id='word_1_747' title='bbox 1439 4963 1623 5034; x_wconf 78' lang='lat' dir='ltr'>opposuisset,</span> <span class='ocrx_word' id='word_1_748' title='bbox 1648 4931 1674 4960; x_wconf 83' lang='lat' dir='ltr'>ne</span> <span class='ocrx_word' id='word_1_749' title='bbox 1694 4931 1812 4961; x_wconf 76' lang='lat' dir='ltr'>surorum.</span> 
     </span>
     <span class='ocr_line' id='line_1_57' title="bbox 184 5043 1622 5121; baseline -0.001 -19"><span class='ocrx_word' id='word_1_750' title='bbox 184 5052 286 5103; x_wconf 80' lang='lat' dir='ltr'>anuum</span> <span class='ocrx_word' id='word_1_751' title='bbox 308 5059 347 5102; x_wconf 86' lang='lat' dir='ltr'>est</span> <span class='ocrx_word' id='word_1_752' title='bbox 364 5058 424 5114; x_wconf 80' lang='lat' dir='ltr'>post</span> <span class='ocrx_word' id='word_1_753' title='bbox 440 5045 505 5098; x_wconf 77' lang='lat' dir='ltr'>diet.</span> <span class='ocrx_word' id='word_1_754' title='bbox 522 5043 625 5097; x_wconf 79' lang='lat' dir='ltr'>noveii.</span> <span class='ocrx_word' id='word_1_755' title='bbox 646 5043 706 5094; x_wconf 79' lang='lat' dir='ltr'>tte.</span> <span class='ocrx_word' id='word_1_756' title='bbox 726 5059 774 5121; x_wconf 70' lang='lat' dir='ltr'>nee</span> <span class='ocrx_word' id='word_1_757' title='bbox 790 5063 856 5112; x_wconf 87' lang='lat' dir='ltr'>opus</span> <span class='ocrx_word' id='word_1_758' title='bbox 873 5055 913 5097; x_wconf 92' lang='lat' dir='ltr'>est</span> <span class='ocrx_word' id='word_1_759' title='bbox 931 5047 1047 5113; x_wconf 83' lang='lat' dir='ltr'>querela,</span> <span class='ocrx_word' id='word_1_760' title='bbox 1067 5047 1128 5099; x_wconf 89' lang='lat' dir='ltr'>lieet</span> <span class='ocrx_word' id='word_1_761' title='bbox 1147 5055 1221 5117; x_wconf 80' lang='lat' dir='ltr'>petes</span> <span class='ocrx_word' id='word_1_762' title='bbox 1239 5047 1403 5116; x_wconf 88' lang='lat' dir='ltr'>epposuisset</span> <span class='ocrx_word' id='word_1_763' title='bbox 1421 5047 1560 5100; x_wconf 88' lang='lat' dir='ltr'>elensulesn</span> <span class='ocrx_word' id='word_1_764' title='bbox 1580 5064 1622 5101; x_wconf 82' lang='lat' dir='ltr'>ee·</span> 
     </span>
    </p>

    <p class='ocr_par' dir='ltr' id='par_1_21' title="bbox 185 5126 1057 5198">
     <span class='ocr_line' id='line_1_58' title="bbox 185 5126 1057 5198; baseline -0.005 -16"><span class='ocrx_word' id='word_1_765' title='bbox 185 5134 348 5183; x_wconf 84' lang='lat' dir='ltr'>dioillarem.</span> <span class='ocrx_word' id='word_1_766' title='bbox 368 5130 415 5182; x_wconf 86' lang='lat' dir='ltr'>lile</span> <span class='ocrx_word' id='word_1_767' title='bbox 434 5127 506 5180; x_wconf 87' lang='lat' dir='ltr'>enisu</span> <span class='ocrx_word' id='word_1_768' title='bbox 525 5126 707 5178; x_wconf 82' lang='lat' dir='ltr'>snbstsotislia</span> <span class='ocrx_word' id='word_1_769' title='bbox 727 5129 853 5195; x_wconf 81' lang='lat' dir='ltr'>requisita</span> <span class='ocrx_word' id='word_1_770' title='bbox 873 5144 925 5179; x_wconf 89' lang='lat' dir='ltr'>non</span> <span class='ocrx_word' id='word_1_771' title='bbox 944 5131 1057 5198; x_wconf 88' lang='lat' dir='ltr'>supplet.</span> 
     </span>
    </p>

    <p class='ocr_par' dir='ltr' id='par_1_22' title="bbox 184 5209 1866 5450">
     <span class='ocr_line' id='line_1_59' title="bbox 219 5209 1814 5285; baseline -0.001 -18"><span class='ocrx_word' id='word_1_772' title='bbox 219 5217 243 5285; x_wconf 60' lang='grc' dir='ltr'>ᾗ.</span> <span class='ocrx_word' id='word_1_773' title='bbox 255 5217 305 5268; x_wconf 92' lang='grc'>81.</span> <span class='ocrx_word' id='word_1_774' title='bbox 317 5213 376 5266; x_wconf 78' lang='lat' dir='ltr'>Non</span> <span class='ocrx_word' id='word_1_775' title='bbox 395 5212 455 5264; x_wconf 87' lang='lat' dir='ltr'>licet</span> <span class='ocrx_word' id='word_1_776' title='bbox 473 5211 613 5280; x_wconf 82' lang='lat' dir='ltr'>collegium</span> <span class='ocrx_word' id='word_1_777' title='bbox 632 5209 782 5276; x_wconf 85' lang='lat' dir='ltr'>jodaeorum</span> <span class='ocrx_word' id='word_1_778' title='bbox 803 5211 939 5264; x_wconf 86' lang='lat' dir='ltr'>isseredem</span> <span class='ocrx_word' id='word_1_779' title='bbox 954 5213 1100 5277; x_wconf 89' lang='lat' dir='ltr'>instituere,</span> <span class='ocrx_word' id='word_1_780' title='bbox 1116 5213 1240 5280; x_wconf 82' lang='lat' dir='ltr'>quoniam</span> <span class='ocrx_word' id='word_1_781' title='bbox 1253 5212 1322 5266; x_wconf 87' lang='lat' dir='ltr'>istud</span> <span class='ocrx_word' id='word_1_782' title='bbox 1336 5213 1498 5283; x_wconf 85' lang='lat' dir='ltr'>prohibitum</span> <span class='ocrx_word' id='word_1_783' title='bbox 1518 5215 1545 5270; x_wconf 90' lang='lat' dir='ltr'>lo</span> <span class='ocrx_word' id='word_1_784' title='bbox 1564 5218 1582 5270; x_wconf 89' lang='lat' dir='ltr'>i.</span> <span class='ocrx_word' id='word_1_785' title='bbox 1596 5219 1622 5270; x_wconf 93' lang='grc'>1.</span> <span class='ocrx_word' id='word_1_786' title='bbox 1709 5217 1757 5263; x_wconf 77' lang='lat' dir='ltr'>Tit.</span> <span class='ocrx_word' id='word_1_787' title='bbox 1779 5211 1814 5256; x_wconf 76' lang='lat'>⁴⁴·</span> 
     </span>
     <span class='ocr_line' id='line_1_60' title="bbox 184 5275 1866 5386; baseline -0.001 -32"><span class='ocrx_word' id='word_1_788' title='bbox 184 5302 244 5354; x_wconf 78' lang='lat' dir='ltr'>ead.</span> <span class='ocrx_word' id='word_1_789' title='bbox 264 5295 532 5369; x_wconf 62' lang='lat' dir='ltr'>reinsumimus</span> <span class='ocrx_word' id='word_1_790' title='bbox 551 5295 875 5364; x_wconf 76' lang='lat' dir='ltr'>tansensinpulispotest.</span> <span class='ocrx_word' id='word_1_791' title='bbox 894 5296 1068 5364; x_wconf 77' lang='lat' dir='ltr'>Quosletiam</span> <span class='ocrx_word' id='word_1_792' title='bbox 1089 5299 1206 5352; x_wconf 86' lang='lat' dir='ltr'>moribus</span> <span class='ocrx_word' id='word_1_793' title='bbox 1223 5315 1311 5352; x_wconf 83' lang='lat' dir='ltr'>serunt</span> <span class='ocrx_word' id='word_1_794' title='bbox 1329 5313 1385 5353; x_wconf 85' lang='lat' dir='ltr'>esse</span> <span class='ocrx_word' id='word_1_795' title='bbox 1403 5317 1470 5354; x_wconf 87' lang='lat' dir='ltr'>reor.</span> <span class='ocrx_word' id='word_1_796' title='bbox 1481 5299 1548 5356; x_wconf 74' lang='lat' dir='ltr'>ilem</span> <span class='ocrx_word' id='word_1_797' title='bbox 1562 5303 1621 5357; x_wconf 90' lang='lat' dir='ltr'>licet</span> <span class='ocrx_word' id='word_1_798' title='bbox 1645 5275 1866 5386; x_wconf 36' lang='lat' dir='ltr'>*badim*</span> 
     </span>
     <span class='ocr_line' id='line_1_61' title="bbox 186 5353 1771 5450; baseline -0.001 -15"><span class='ocrx_word' id='word_1_799' title='bbox 186 5384 297 5450; x_wconf 72' lang='lat' dir='ltr'>collegia</span> <span class='ocrx_word' id='word_1_800' title='bbox 320 5381 468 5447; x_wconf 80' lang='lat' dir='ltr'>iudaeorum</span> <span class='ocrx_word' id='word_1_801' title='bbox 490 5382 650 5439; x_wconf 88' lang='lat' dir='ltr'>tolerentur,</span> <span class='ocrx_word' id='word_1_802' title='bbox 670 5381 785 5432; x_wconf 88' lang='lat' dir='ltr'>nondum</span> <span class='ocrx_word' id='word_1_803' title='bbox 805 5393 888 5432; x_wconf 88' lang='lat' dir='ltr'>tsmen</span> <span class='ocrx_word' id='word_1_804' title='bbox 908 5383 1093 5445; x_wconf 70' lang='lat' dir='ltr'>approbentur.</span> <span class='ocrx_word' id='word_1_805' title='bbox 1645 5353 1712 5388; x_wconf 54' lang='lat' dir='ltr'>&#39;mm</span> <span class='ocrx_word' id='word_1_806' title='bbox 1766 5367 1771 5380; x_wconf 58' lang='lat'>⁸</span> 
     </span>
    </p>

    <p class='ocr_par' dir='ltr' id='par_1_23' title="bbox 186 5463 1621 5622">
     <span class='ocr_line' id='line_1_62' title="bbox 217 5463 1621 5532; baseline 0.002 -12"><span class='ocrx_word' id='word_1_807' title='bbox 217 5477 241 5531; x_wconf 77' lang='grc' dir='ltr'>ι.</span> <span class='ocrx_word' id='word_1_808' title='bbox 254 5469 303 5520; x_wconf 72' lang='grc'>83.</span> <span class='ocrx_word' id='word_1_809' title='bbox 317 5469 448 5525; x_wconf 84' lang='grc' dir='ltr'><strong>Τιιιιιοι.</strong></span> <span class='ocrx_word' id='word_1_810' title='bbox 468 5464 529 5518; x_wconf 83' lang='lat' dir='ltr'>lieet</span> <span class='ocrx_word' id='word_1_811' title='bbox 546 5467 629 5517; x_wconf 87' lang='lat' dir='ltr'>libere</span> <span class='ocrx_word' id='word_1_812' title='bbox 647 5463 767 5530; x_wconf 79' lang='lat' dir='ltr'>disponet</span> <span class='ocrx_word' id='word_1_813' title='bbox 787 5467 814 5516; x_wconf 90' lang='lat' dir='ltr'>io</span> <span class='ocrx_word' id='word_1_814' title='bbox 832 5485 878 5520; x_wconf 90' lang='lat' dir='ltr'>suo</span> <span class='ocrx_word' id='word_1_815' title='bbox 897 5479 1061 5530; x_wconf 84' lang='lat' dir='ltr'>testamento,</span> <span class='ocrx_word' id='word_1_816' title='bbox 1074 5485 1107 5521; x_wconf 89' lang='lat' dir='ltr'>ex</span> <span class='ocrx_word' id='word_1_817' title='bbox 1118 5470 1162 5520; x_wconf 88' lang='lat' dir='ltr'>die</span> <span class='ocrx_word' id='word_1_818' title='bbox 1178 5479 1274 5532; x_wconf 87' lang='lat' dir='ltr'>temen,</span> <span class='ocrx_word' id='word_1_819' title='bbox 1286 5471 1324 5521; x_wconf 84' lang='lat' dir='ltr'>cel</span> <span class='ocrx_word' id='word_1_820' title='bbox 1338 5469 1369 5522; x_wconf 87' lang='lat' dir='ltr'>ad</span> <span class='ocrx_word' id='word_1_821' title='bbox 1383 5469 1462 5530; x_wconf 86' lang='lat' dir='ltr'>diens.</span> <span class='ocrx_word' id='word_1_822' title='bbox 1483 5469 1621 5524; x_wconf 88' lang='lat' dir='ltr'>lsseredem</span> 
     </span>
     <span class='ocr_line' id='line_1_63' title="bbox 186 5549 1621 5622; baseline 0 -18"><span class='ocrx_word' id='word_1_823' title='bbox 186 5555 327 5606; x_wconf 84' lang='lat' dir='ltr'>instituere</span> <span class='ocrx_word' id='word_1_824' title='bbox 340 5552 570 5621; x_wconf 80' lang='lat' dir='ltr'>nequst,qssoniam</span> <span class='ocrx_word' id='word_1_825' title='bbox 586 5549 679 5602; x_wconf 73' lang='lat' dir='ltr'>effectu</span> <span class='ocrx_word' id='word_1_826' title='bbox 693 5567 741 5616; x_wconf 87' lang='lat' dir='ltr'>pro</span> <span class='ocrx_word' id='word_1_827' title='bbox 754 5560 826 5616; x_wconf 87' lang='lat' dir='ltr'>perte</span> <span class='ocrx_word' id='word_1_828' title='bbox 840 5562 929 5604; x_wconf 82' lang='lat' dir='ltr'>tesius.</span> <span class='ocrx_word' id='word_1_829' title='bbox 946 5569 993 5617; x_wconf 92' lang='lat' dir='ltr'>pro</span> <span class='ocrx_word' id='word_1_830' title='bbox 1008 5565 1082 5622; x_wconf 77' lang='lat' dir='ltr'>purte</span> <span class='ocrx_word' id='word_1_831' title='bbox 1095 5562 1212 5617; x_wconf 87' lang='lat' dir='ltr'>testatus,</span> <span class='ocrx_word' id='word_1_832' title='bbox 1221 5571 1270 5621; x_wconf 91' lang='lat' dir='ltr'>pro</span> <span class='ocrx_word' id='word_1_833' title='bbox 1282 5563 1355 5622; x_wconf 86' lang='lat' dir='ltr'>perte</span> <span class='ocrx_word' id='word_1_834' title='bbox 1368 5557 1467 5616; x_wconf 74' lang='lat' dir='ltr'>intest,</span> <span class='ocrx_word' id='word_1_835' title='bbox 1479 5555 1621 5609; x_wconf 79' lang='lat' dir='ltr'>decederes.</span> 
     </span>
    </p>
   </div>
   <div class='ocr_carea' id='block_1_5' title="bbox 222 5630 1865 5754">
    <p class='ocr_par' dir='ltr' id='par_1_24' title="bbox 222 5630 1865 5754">
     <span class='ocr_line' id='line_1_64' title="bbox 222 5630 1865 5754; baseline 0.002 -68"><span class='ocrx_word' id='word_1_836' title='bbox 222 5649 242 5701; x_wconf 86' lang='grc' dir='ltr'>ς,</span> <span class='ocrx_word' id='word_1_837' title='bbox 262 5635 312 5686; x_wconf 83' lang='grc'>83.</span> <span class='ocrx_word' id='word_1_838' title='bbox 331 5635 361 5688; x_wconf 86' lang='lat' dir='ltr'>Si</span> <span class='ocrx_word' id='word_1_839' title='bbox 379 5635 438 5702; x_wconf 89' lang='lat' dir='ltr'>quis</span> <span class='ocrx_word' id='word_1_840' title='bbox 457 5633 613 5686; x_wconf 77' lang='lat' dir='ltr'>substitutus</span> <span class='ocrx_word' id='word_1_841' title='bbox 634 5645 672 5684; x_wconf 92' lang='lat' dir='ltr'>est</span> <span class='ocrx_word' id='word_1_842' title='bbox 690 5636 724 5696; x_wconf 86' lang='lat' dir='ltr'>ol,</span> <span class='ocrx_word' id='word_1_843' title='bbox 742 5639 787 5704; x_wconf 78' lang='lat' dir='ltr'>qui</span> <span class='ocrx_word' id='word_1_844' title='bbox 807 5637 943 5688; x_wconf 80' lang='lat' dir='ltr'>cohaeredi</span> <span class='ocrx_word' id='word_1_845' title='bbox 964 5649 1016 5689; x_wconf 87' lang='lat' dir='ltr'>erat</span> <span class='ocrx_word' id='word_1_846' title='bbox 1037 5639 1202 5701; x_wconf 89' lang='lat' dir='ltr'>substitutus,</span> <span class='ocrx_word' id='word_1_847' title='bbox 1215 5646 1325 5705; x_wconf 87' lang='lat' dir='ltr'>elroqne</span> <span class='ocrx_word' id='word_1_848' title='bbox 1338 5635 1478 5691; x_wconf 77' lang='lat' dir='ltr'>octatenta</span> <span class='ocrx_word' id='word_1_849' title='bbox 1491 5639 1620 5708; x_wconf 73' lang='lat' dir='ltr'>integram</span> <span class='ocrx_word' id='word_1_850' title='bbox 1646 5694 1681 5738; x_wconf 54' lang='lat' dir='ltr'><em>m</em></span> <span class='ocrx_word' id='word_1_851' title='bbox 1705 5630 1865 5754; x_wconf 50' lang='lat' dir='ltr'>ffdig&#39;visaut-</span> 
     </span>
    </p>
   </div>
   <div class='ocr_carea' id='block_1_6' title="bbox 187 5717 1770 5805">
    <p class='ocr_par' dir='ltr' id='par_1_25' title="bbox 187 5717 1770 5805">
     <span class='ocr_line' id='line_1_65' title="bbox 187 5717 1770 5805; baseline 0.003 -33"><span class='ocrx_word' id='word_1_852' title='bbox 187 5721 379 5772; x_wconf 84' lang='lat' dir='ltr'>haereditatem</span> <span class='ocrx_word' id='word_1_853' title='bbox 399 5718 485 5770; x_wconf 86' lang='lat' dir='ltr'>babet.</span> <span class='ocrx_word' id='word_1_854' title='bbox 503 5717 568 5772; x_wconf 78' lang='lat' dir='ltr'>ilaus</span> <span class='ocrx_word' id='word_1_855' title='bbox 589 5719 650 5773; x_wconf 81' lang='lat' dir='ltr'>licet</span> <span class='ocrx_word' id='word_1_856' title='bbox 669 5723 758 5789; x_wconf 90' lang='lat' dir='ltr'>primo</span> <span class='ocrx_word' id='word_1_857' title='bbox 775 5740 827 5774; x_wconf 90' lang='lat' dir='ltr'>non</span> <span class='ocrx_word' id='word_1_858' title='bbox 848 5721 925 5777; x_wconf 86' lang='lat' dir='ltr'>luerit</span> <span class='ocrx_word' id='word_1_859' title='bbox 942 5725 1031 5778; x_wconf 87' lang='lat' dir='ltr'>serbis</span> <span class='ocrx_word' id='word_1_860' title='bbox 1050 5725 1217 5786; x_wconf 86' lang='lat' dir='ltr'>substitutus,</span> <span class='ocrx_word' id='word_1_861' title='bbox 1237 5733 1322 5776; x_wconf 84' lang='lat' dir='ltr'>temen</span> <span class='ocrx_word' id='word_1_862' title='bbox 1340 5725 1464 5792; x_wconf 84' lang='lat' dir='ltr'>quonism</span> <span class='ocrx_word' id='word_1_863' title='bbox 1483 5725 1509 5776; x_wconf 93' lang='lat' dir='ltr'>ei</span> <span class='ocrx_word' id='word_1_864' title='bbox 1528 5725 1622 5778; x_wconf 88' lang='lat' dir='ltr'>substi-</span> <span class='ocrx_word' id='word_1_865' title='bbox 1648 5761 1770 5805; x_wconf 55' lang='lat' dir='ltr'>,mum</span> 
     </span>
    </p>
   </div>
   <div class='ocr_carea' id='block_1_7' title="bbox 190 5803 1447 5880">
    <p class='ocr_par' dir='ltr' id='par_1_26' title="bbox 190 5803 1447 5880">
     <span class='ocr_line' id='line_1_66' title="bbox 190 5803 1447 5880; baseline -0.001 -20"><span class='ocrx_word' id='word_1_866' title='bbox 190 5813 272 5874; x_wconf 77' lang='lat' dir='ltr'>ntus,</span> <span class='ocrx_word' id='word_1_867' title='bbox 292 5804 338 5876; x_wconf 82' lang='lat' dir='ltr'>qui</span> <span class='ocrx_word' id='word_1_868' title='bbox 356 5814 411 5860; x_wconf 88' lang='lat' dir='ltr'>erat</span> <span class='ocrx_word' id='word_1_869' title='bbox 423 5803 558 5872; x_wconf 24' lang='lat' dir='ltr'>,substitus</span> <span class='ocrx_word' id='word_1_870' title='bbox 571 5806 667 5874; x_wconf 83' lang='lat' dir='ltr'>primo,</span> <span class='ocrx_word' id='word_1_871' title='bbox 686 5808 792 5880; x_wconf 85' lang='lat' dir='ltr'>utrique</span> <span class='ocrx_word' id='word_1_872' title='bbox 808 5809 966 5863; x_wconf 87' lang='lat' dir='ltr'>substitutus</span> <span class='ocrx_word' id='word_1_873' title='bbox 985 5812 1154 5880; x_wconf 76' lang='lat' dir='ltr'>intelligitur.</span> <span class='ocrx_word' id='word_1_874' title='bbox 1171 5825 1228 5877; x_wconf 67' lang='lat' dir='ltr'>erg.</span> <span class='ocrx_word' id='word_1_875' title='bbox 1241 5809 1260 5860; x_wconf 88' lang='lat' dir='ltr'>i.</span> <span class='ocrx_word' id='word_1_876' title='bbox 1273 5805 1363 5876; x_wconf 64' lang='lat' dir='ltr'>&#39;liff-</span> <span class='ocrx_word' id='word_1_877' title='bbox 1377 5808 1403 5860; x_wconf 86' lang='lat' dir='ltr'>is.</span> <span class='ocrx_word' id='word_1_878' title='bbox 1416 5818 1447 5861; x_wconf 72' lang='grc' dir='ltr'>ι..</span> 
     </span>
    </p>
   </div>
   <div class='ocr_carea' id='block_1_8' title="bbox 0 0 2172 6165">
    <p class='ocr_par' dir='ltr' id='par_1_27' title="bbox 0 0 2172 6165">
     <span class='ocr_line' id='line_1_67' title="bbox 0 0 2172 6165; baseline 0 0"><span class='ocrx_word' id='word_1_879' title='bbox 0 0 2172 6165; x_wconf 95' lang='lat' dir='ltr'> </span> 
     </span>
    </p>
   </div>
  </div>
 </body>
</html>
