4408 6210
422 257 475 310 339

388 349 540 423 captivitat
560 341 674 402 damini·
693 340 737 416 (³)
758 335 1017 411 Bletatiofiliorum
1032 339 1169 411 principis.

390 440 450 505 sti.

352 523 496 584 Rationes,
514 534 563 572 cur
577 532 627 588 per
639 513 750 568 madum
768 508 980 566 subcoliectandi
995 508 1171 564 contributio·

390 627 438 662 ner
447 605 477 658 irs
491 601 631 658 aerarium
640 597 772 670 principis
783 596 970 668 corfirmetur·
983 601 1005 658 5.
1019 592 1046 646 4.

352 691 536 751 Suicolleetae
544 685 739 739 deseribuntur.
752 681 776 753 5.
789 682 815 734 li.

355 777 489 834 collectae
499 784 525 826 et
537 769 710 824 subcelleetoe
724 755 1171 832 debentproportionabiliterfieri

389 882 408 917 a
421 859 582 928 magistratu
592 849 728 922 irsseriori.
742 847 923 906 incommoda
934 842 1171 900 subcoilectarusn.

357 945 412 1084 dds
428 1019 593 1079 ootteuuntt
609 1029 635 1072 et
656 1013 867 1072 ruicaiiectandi
880 1013 979 1078 pendet
997 1027 1034 1062 ee
1059 1004 1171 1060 arbitrio

390 1105 527 1178 principis.
547 1100 667 1156 Etiamsi
691 1111 787 1155 mutuo
808 1091 1173 1152 conuentionesuicollectao

390 1191 564 1246 introductae.
577 1188 601 1254 §-
614 1187 640 1238 ¹1.

355 1277 403 1331 An
414 1275 537 1344 princeps
548 1269 712 1340 superfluum
724 1263 829 1320 aerarii
836 1273 954 1320 statuum
965 1257 1174 1335 prouincialium

392 1357 486 1412 toliere
495 1353 603 1426 possit?
616 1359 637 1414 ς.
650 1352 677 1402 8.

356 1441 479 1498 Statuam
491 1433 708 1511 prouincialium
720 1441 840 1501 potestus
856 1430 926 1484 oiroa
937 1427 1112 1484 tubeolieotor
1123 1439 1173 1478 un·

391 1528 431 1580 dr.
447 1523 574 1577 Distinet.
586 1519 658 1570 iuter
669 1515 769 1586 regalia
784 1525 809 1567 et
819 1513 1040 1581 superioritatem.
1054 1512 1077 1582 5.
1088 1512 1112 1562 il.

356 1606 532 1679 indulgentia
548 1601 680 1670 principis
694 1600 885 1667 relinquuntur
900 1596 1082 1654 suicoilectue
1094 1591 1173 1659 mopi-

389 1692 491 1748 ttrotur'
501 1687 629 1758 inferiori
639 1695 665 1738 et
677 1683 801 1736 stutiius.
814 1681 896 1751 510.

357 1778 504 1837 Ciuitatum
518 1773 697 1842 magistratus
707 1767 844 1820 concurrit
854 1768 935 1818 etiam
946 1765 983 1818 ad
992 1759 1177 1818 subeoiiectar.

393 1855 542 1914 Ds'stinctio
556 1854 693 1907 ciuitatum
709 1846 924 1912 municipalium.
936 1855 958 1910 ς.
973 1849 1016 1898 11.

357 1941 469 2012 Duplex
475 1939 522 2009 p‘ut
534 1935 702 1990 collectundi
711 1931 846 1985 ciuitatum
862 1929 1050 1996 inuoluptate.
1062 1925 1105 1979 ii.

359 2030 409 2084 An
428 2025 523 2079 ciuitas
537 2020 584 2092 p'us
609 2016 822 2072 ruboollectondi
832 2017 966 2068 ciuitatem
985 2023 1138 2070 conuertere
1149 2008 1177 2062 in

394 2109 511 2173 accitam
524 2103 628 2172 possit?
649 2101 820 2173 Affirmatur
831 2099 952 2170 quaestio
973 2116 1033 2153 eusn
1052 2107 1182 2162 tempera·

398 2201 498 2243 mento.
515 2195 537 2250 ς.
553 2187 596 2237 13.

365 2276 438 2351 Quid
447 2275 473 2325 si
481 2286 582 2339 corpur
595 2278 752 2338 coemptum
764 2285 785 2322 a.
797 2285 819 2320 c.
829 2263 970 2321 madenia
981 2262 1070 2319 inilia
1083 2261 1181 2316 cius'to·

406 2359 478 2428 te.5.
494 2355 537 2408 14.

366 2444 454 2500 Catus
467 2439 538 2493 cirea
551 2438 597 2510 jeu
607 2433 834 2498 subeoiieetandi,
845 2433 936 2504 priori
948 2415 1112 2505 quaestioni¹
1120 2428 1174 2504 affi

400 2523 443 2576 reis
455 2521 600 2576 excutitur.
616 2521 639 2591 5.
654 2519 699 2571 ii.

367 2611 415 2665 An
426 2609 510 2678 possit
521 2599 657 2674 refragari
669 2601 842 2671 magistratus
863 2595 992 2668 infirior,
1010 2598 1036 2652 ri
1052 2597 1181 2654 subtolle-

333 2679 336 2686 *
404 2700 463 2746 ctue
475 2707 491 2740 o
503 2687 625 2760 principe
637 2685 665 2738 in
680 2687 799 2742 occisum
820 2685 980 2740 mutentur?
993 2685 1136 2754 Dependet
1152 2685 1186 2737 al

405 2774 521 2830 arbitria
532 2767 668 2839 principio.
681 2770 704 2840 5.
718 2768 763 2822 10.

371 2858 505 2916 llatianer
522 2857 552 2909 in
570 2852 738 2906 contrarium
756 2849 940 2906 excutiuntur.
951 2849 1132 2905 Subcolleotee
1151 2869 1188 2907 eos

399 2945 479 3016 justo
493 2957 575 2994 causa
585 2939 666 3006 piane
680 2935 742 2989 tolli
752 2945 875 3002 possunt.
889 2936 988 2988 Accisu
1001 2935 1081 3000 longe
1094 2932 1187 2988 utilior

406 3038 432 3080 et
444 3021 612 3080 commodior
621 3019 795 3074 suteotteests.
805 3015 1111 3088 Accitarsundamento
1118 3036 1138 3089 p
1154 3037 1181 3074 o·

407 3109 491 3165 litica.
507 3107 584 3170 51⁵1.

378 3197 470 3264 Quare
482 3191 551 3242 boec
564 3187 596 3242 de
617 3185 717 3240 Aecisa
730 3180 847 3238 adducto
859 3183 928 3236 sint?
940 3183 1003 3239 Non
1014 3192 1055 3237 ert
1068 3179 1120 3236 'tttu
1137 3181 1188 3238 ini·

409 3279 498 3349 puior¹
510 3289 593 3344 puam
604 3269 791 3325 suicoiicotoe·
803 3267 828 3339 5.
843 3269 887 3320 ts.

374 3359 510 3426 Princeps
519 3363 610 3424 potest
620 3353 728 3408 modum
742 3350 972 3404 contributionum
984 3365 1035 3421 pro
1046 3349 1133 3404 lubitu
1150 3349 1191 3402 in·

408 3445 527 3502 stituere‚
540 3437 621 3490 modo
635 3453 772 3490 nonnoso
785 3433 925 3503 vectigalia
936 3431 1123 3488 instituantur.
1136 3433 1191 3486 Aa·

409 3530 464 3582 cisa
477 3543 536 3579 non
550 3533 590 3577 est
601 3539 706 3579 nouam
721 3521 842 3590 vectigal.
856 3520 1016 3574 Consultum
1029 3527 1086 3584 est,
1104 3527 1133 3572 ut
1150 3516 1199 3586 ess·

400 3609 542 3683 ficmliius
553 3605 657 3660 occisae
670 3605 858 3674 adjunguntur
872 3602 959 3674 oiipui
978 3618 1015 3654 ers
1028 3599 1191 3672 magistrati·

419 3693 467 3746 bus
480 3689 635 3760 opps'siant't.
649 3687 730 3758 519.

379 3771 511 3831 Remedio
524 3784 621 3825 eontra
633 3785 723 3840 sepner
735 3767 910 3824 subcollectos
919 3763 1085 3834 praestandi.
1097 3764 1194 3832 (iwi-

414 3872 531 3930 gnarum
546 3853 646 3924 captio.
660 3855 707 3905 An
719 3851 804 3924 possit
822 3850 1058 3907 subcoilectoribus
1072 3847 1194 3920 defucto

410 3935 616 4012 procedentibus
629 3934 747 4003 deflecto
762 3933 858 3989 resisti.
870 3936 894 4002 §.
906 3935 949 3986 244.

376 4028 420 4101 (l)
438 4023 602 4085 Remedium,
616 4021 723 4074 mulcta.
737 4019 789 4074 cat
799 4019 899 4072 mulcta
907 4016 997 4073 ceduti'
1007 4018 1030 4084 5.
1044 4015 1087 4068 ut.

378 4114 418 4180 (3)
437 4107 559 4165 Carceris
569 4105 693 4160 inclusio.
705 4104 798 4158 dimit.
816 4103 858 4174 (1)
878 4098 1135 4170 sententiae-leuior.
1154 4097 1196 4170 (2)

414 4195 506 4252 Limit.
519 4187 608 4261 quoad
617 4198 704 4243 certat
712 4205 854 4260 personae.
865 4183 997 4242 Militarit
1004 4186 1127 4240 executio
1134 4199 1196 4238 cort·

416 4289 459 4332 tra
470 4273 646 4330 sertentteuus
657 4270 828 4340 deneganter.
841 4276 862 4332 5.
876 4269 921 4322 2².

382 4367 531 4424 Rationum
543 4359 658 4414 redditio
672 4359 706 4410 de
716 4354 892 4412 ruicoliectit.
904 4351 928 4426 5.
939 4353 984 4406 13.

383 4453 500 4506 Poenos
511 4445 683 4502 subcollectas
694 4439 924 4514 defraudandum.
938 4445 961 4503 ς.
975 4436 1018 4490 24.

387 4613 412 4689 5.
432 4619 459 4669 1.
478 4569 628 4682 Superiori
641 4611 730 4680 cupito
743 4609 858 4663 ridisoos
871 4607 909 4674 ius
920 4601 1121 4658 subcoileetsudi
1130 4599 1201 4672 priu-

300 4735 302 4739 ·
387 4700 492 4771 cipibus
510 4705 537 4750 et
557 4696 669 4749 statibus
687 4703 849 4762 competens,
872 4691 893 4742 si
909 4684 1200 4743 collectseuoirorssles

386 4803 435 4858 per
453 4783 597 4852 imperium
616 4779 649 4832 ad
669 4781 725 4847 ejus
742 4779 852 4829 sulutem
875 4768 1085 4842 promovendam,
1104 4780 1130 4822 et
1147 4769 1202 4820 rui-

389 4885 451 4920 usus
470 4860 682 4935 proponendam,
698 4860 841 4914 solvuntur.
855 4855 923 4925 Quia
936 4871 996 4908 sero
1009 4860 1092 4905 stetus
1104 4853 1133 4902 iu
1147 4850 1202 4902 suis

974 241 1165 300 DiSPU‘l'ss'·
1182 243 1232 305 Vl·
1249 243 1366 304 citur
1385 247 1422 300 ll.

1924 231 1984 286 8444

1219 358 1276 396 esse
1295 339 1468 396 territorium.
1486 353 1540 408 erp.
1558 337 1577 392 l.
1597 340 1621 390 1.
1637 339 1661 405 ς.
1681 335 1705 388 4.
1723 327 1860 404 ΜαοΙ.
1869 323 2047 401 praedict&-

1221 425 1347 496 Quemvis
1364 441 1426 480 esra
1444 425 1473 478 ia
1493 423 1628 478 territorio
1648 421 1728 490 ttossit
1753 417 1811 471 dari
1830 415 1980 484 reemptio,
2000 421 2054 462 te·-

1220 529 1282 564 ruea
1299 511 1344 564 iila
1363 527 1422 564 oum
1441 509 1470 562 iu
1496 509 1568 562 laeto
1593 508 1735 571 consistat,
1764 519 1813 556 neo
1835 508 2048 572 praesumetur,

1221 593 1354 662 promote
1372 592 1424 648 erit
1438 593 1472 646 eb
1490 593 1629 662 stirpante.
1652 588 1748 644 litut·
1773 585 1827 642 nt.
1848 588 1875 638 1.
1896 597 1970 638 aaut.
1996 580 2047 632 10.

1219 695 1293 732 nuos.
1308 681 1334 731 1.

1256 768 1279 825 ς.
1297 761 1321 815 2
1341 762 1466 832 Sequitur
1484 769 1569 814 sutem
1591 755 1702 822 exinde,
1722 752 1871 826 prinoipem
1888 748 1975 822 quood
1999 751 2046 819 jos

1220 843 1373 901 collectiaeli
1399 844 1535 898 ioodstsm
1555 843 1733 896 intentionem
1753 839 1850 893 bsbero
1866 839 1895 890 iu
1912 835 2045 890 omuibus

1221 930 1299 984 bouis
1317 929 1379 984 sitis
1399 931 1427 982 iu
1446 945 1493 983 suo
1512 926 1654 989 territorio,
1673 924 1730 978 sire
1749 922 1818 975 bnua
1830 921 1881 974 iste
1894 917 2048 974 sintecelee

1222 1011 1343 1078 siestiea,
1369 1012 1423 1066 siro
1442 1004 1808 1079 seenieria.os5.5.1.urt.
1833 1005 1860 1058 8.
1878 1005 1959 1056 inste.
1982 1019 2043 1070 poe.

1226 1099 1377 1168 Ornairug.
1394 1096 1491 1152 verbis:
1509 1108 1567 1150 tum
1587 1094 1616 1147 in
1635 1090 1828 1155 ecclesiasticis,
1846 1105 1926 1158 poam
1944 1087 2044 1140 seculo

1222 1181 1295 1235 ribus
1313 1191 1362 1234 eto.
1381 1181 1454 1242 adeo,
1472 1189 1510 1242 ut,
1529 1181 1553 1231 si
1570 1177 1744 1231 eeclesiastico
1763 1175 1833 1228 bona
1853 1172 1890 1226 ibi
1912 1171 1963 1225 site
1976 1173 2044 1224 elias

1223 1265 1345 1316 collectas
1363 1262 1535 1318 territoriales
1554 1261 1592 1312 ibi
1611 1266 1765 1327 agnoscant,
1784 1267 1808 1308 et
1826 1269 1993 1326 possessores
2003 1271 2045 1306 re·

1226 1347 1307 1401 tinere
1326 1347 1464 1401 vid-tetur
1479 1343 1622 1416 quaedem,
1649 1339 1776 1410 princeps
1794 1333 1923 1389 territorii
1947 1333 2045 1388 editio·

1226 1449 1286 1485 nem
1304 1433 1413 1485 istorum
1432 1431 1561 1484 bustorum
1581 1443 1612 1478 eo
1631 1420 1825 1493 pertinentium
1838 1417 1872 1470 eb
1885 1417 1922 1469 iis
1940 1417 2046 1472 deside·

1226 1528 1284 1566 rare
1302 1514 1396 1575 soleat,
1425 1513 1490 1564 lieet
1508 1509 1675 1576 eliminent
1693 1502 1895 1558 administratio
1914 1500 2047 1560 bononem

1225 1595 1462 1650 ecolosiestioasum
1481 1609 1513 1646 ee
1539 1589 1704 1662 possessione
1730 1587 1831 1656 primes
1855 1584 1909 1638 diei
1931 1587 2048 1654 leonorii

1226 1679 1289 1733 anui
1317 1678 1397 1732 test.
1420 1677 1595 1740 sostimetor,
1620 1683 1648 1727 ot
1672 1670 1794 1724 dominus
1820 1669 1953 1724 territorii
1978 1670 2048 1725 nibil

1225 1763 1364 1834 quiequam
1383 1773 1470 1816 eontra
1490 1761 1568 1814 istem
1588 1755 1783 1828 possessiouem
1803 1755 1979 1824 praetentione
1990 1771 2054 1826 pos·¹

1228 1847 1273 1899 sit.
1292 1847 1382 1898 Petili.
1403 1847 1446 1900 du.
1466 1846 1499 1898 de
1517 1845 1591 1898 libes
1608 1842 1656 1894 lib.
1675 1841 1702 1892 1.
1712 1841 1737 1914 j.
1753 1859 1779 1910 p.
1797 1839 1837 1892 tit.
1857 1839 2050 1912 2.5.1“1.4ςί.

1229 1937 1272 1982 tor
1284 1927 1330 1981 illa
1342 1928 1493 1984 differentia
1507 1939 1547 1982 est
1558 1929 1630 1979 iuter
1641 1925 1760 1979 eoileetas
1773 1924 1927 1994 principum
1948 1925 1982 1978 iu
2002 1937 2052 1978 ter·

1230 2012 1324 2067 ritorio
1336 2021 1362 2065 et
1376 2013 1555 2076 subrubentes,
1569 2010 1711 2080 dequibus
1725 2009 1753 2064 iu
1767 2009 1854 2080 ospito
1870 2011 1896 2060 1.
1915 2027 1971 2081 qno
1989 2013 2051 2064 ellae

1229 2095 1345 2168 prinoipi
1360 2097 1466 2160 dentur.
1483 2109 1509 2151 ut
1530 2097 1559 2149 in
1576 2097 1684 2150 sulutem
1699 2093 1852 2165 provinciae
1864 2095 1905 2148 rol
1920 2097 2052 2150 territorii

1232 2180 1427 2251 imprudentum
1440 2181 1491 2235 bae
1507 2198 1567 2234 sero
1580 2199 1594 2233 s
1607 2179 1731 2250 principe
1745 2179 1899 2249 imperatori
1912 2179 2054 2235 solvuntur

1232 2267 1264 2320 sd
1277 2266 1388 2317 selutona
1401 2263 1481 2318 totius
1495 2265 1613 2334 imperiis
1639 2263 1705 2318 illae
1717 2264 1814 2317 erotius
1838 2260 1966 2316 officiunt
1984 2279 2047 2334 pro·

1233 2351 1385 2422 speritatein
1399 2350 1512 2420 reipubl.
1534 2351 1586 2402 boe
1604 2367 1651 2420 pro
1664 2349 1779 2418 imperio
1799 2348 1935 2417 praestitae
1953 2365 2055 2418 promo·

1235 2444 1297 2489 rent
1314 2435 1390 2490 etiem
1410 2436 1518 2489 sulutem
1539 2433 1733 2504 pertioolsrium
1755 2433 1971 2498 territoriorum,
1994 2451 2055 2504 qua·

1236 2527 1312 2573 lenus
1329 2519 1435 2574 seilicet
1452 2520 1585 2573 commoni
1612 2520 1687 2574 soluti
1716 2517 1797 2569 totius
1816 2517 1927 2588 imperii
1946 2520 2056 2588 prospi-

1234 2603 1314 2657 citur.
1331 2603 1392 2658 add.
1410 2604 1453 2682 dn.
1473 2603 1592 2658 Sebrred.
1608 2603 1662 2674 p'ur.
1677 2603 1753 2676 pubi·
1768 2611 1842 2673 part.
1859 2617 1931 2671 spec.
1943 2610 2013 2654 rect.
2030 2603 2054 2654 2

1235 2687 1350 2754 capii.

1272 2778 1294 2834 ς.
1313 2773 1337 2826 b.
1355 2771 1421 2826 Cum
1441 2772 1522 2843 tptus
1540 2773 1657 2838 dietum,
1675 2771 1765 2840 rigore
1783 2768 1985 2840 superioritetis
2004 2784 2055 2826 eer-

1237 2853 1362 2909 ritorialis
1380 2857 1515 2926 sectipsiie
1529 2867 1555 2910 et
1573 2855 1670 2910 tribute
1683 2873 1697 2908 s
1710 2854 1880 2924 principibus
1893 2855 1984 2908 indiei
1999 2873 2056 2926 pos·

1237 2954 1282 3002 se.
1301 2939 1350 2992 boe
1369 2948 1456 2994 tumen
1475 2959 1528 2994 eon
1548 2939 1584 2995 lts
1605 2940 1806 3008 intelligendum
1824 2950 1880 3005 est,
1897 2957 1929 2992 ec
1948 2943 1974 2993 si
1994 2943 2059 2996 oitra

1237 3039 1344 3076 omnem
1363 3023 1457 3088 lustros
1474 3037 1577 3077 mosum
1597 3024 1645 3077 hoc
1657 3027 1697 3092 jue
1711 3026 1740 3076 in
1757 3023 1877 3077 subditus
1890 3025 1975 3077 otium
1992 3026 2060 3079 reni·

1239 3113 1325 3158 leutos
1342 3122 1464 3160 exeruere
1482 3105 1599 3177 possent.
1615 3105 1683 3160 Nem
1703 3107 1752 3159 lroc
1776 3123 1855 3159 unssm
1882 3106 2061 3176 principibus

1239 3189 1329 3243 studio
1346 3207 1403 3242 esso
1421 3189 1573 3244 debetcum
1592 3191 1754 3259 impentore
1780 3189 1933 3243 iustinisuo
1963 3191 1995 3244 in
2021 3212 2065 3246 no·

1241 3271 1302 3327 vett.
1327 3271 1389 3324 149.
1407 3283 1437 3326 ut
1456 3273 1559 3342 publice
1579 3273 1678 3326 tributa
1703 3275 1769 3327 citro
1788 3274 1923 3345 querelem
1945 3275 2066 3333 iulereu·

1242 3365 1298 3421 ture
1316 3355 1417 3426 optime
1435 3355 1563 3420 seientes,
1590 3357 1729 3424 pecunioso
1750 3375 1803 3412 nou
1822 3375 1854 3411 ex
1872 3363 2064 3430 oppressione,

1243 3457 1327 3510 neque
1352 3457 1384 3496 ex
1410 3441 1553 3511 lachrymis
1585 3441 1754 3494 subditorum
1780 3442 1968 3497 corrodendum
1994 3467 2066 3504 eeeu.

1244 3525 1311 3578 Sunt
1328 3541 1390 3580 sero
1408 3529 1491 3594 justae
1508 3541 1607 3588 musae,
1625 3525 1659 3578 ob
1677 3543 1741 3594 quas
1758 3527 1881 3580 collector
1898 3527 2005 3584 inferri
2026 3509 2074 3587 de:⁸

1242 3608 1315 3675 boob
1335 3609 1454 3664 defensio
1473 3609 1668 3679 proeluoierum
1683 3619 1706 3661 et
1719 3609 1788 3662 solus
1801 3609 1901 3678 populi.
1917 3614 1993 3668 Pete.
2007 3615 2068 3676 Fri.

1243 3691 1330 3758 dorus,
1348 3695 1423 3760 vulgo
1440 3694 1595 3752 Mindsnus.
1615 3692 1662 3745 lii.
1681 3691 1707 3742 2.
1725 3692 1897 3748 demandat.
1914 3715 1938 3750 e.
1965 3697 2016 3750 44.
2041 3721 2068 3756 n.

1244 3777 1269 3830 4.
1297 3777 1435 3847 Siquidem
1461 3776 1504 3829 bis
1530 3773 1717 3842 similibusque
1743 3777 1912 3844 proventibus
1939 3781 2069 3852 prinoepe

1244 3879 1297 3916 nou
1317 3861 1416 3925 minus,
1434 3875 1510 3930 quem
1530 3859 1612 3912 totius
1632 3857 1793 3927 reipublicse
1805 3870 1920 3929 potestas
1933 3875 1962 3916 et
1986 3866 2069 3920 robur

1244 3947 1342 4009 ulitur,
1361 3951 1545 4006 conservetur,
1563 3950 1686 4010 supetur.
1705 3957 1763 3993 oum
1784 3941 1825 3995 isis
1845 3943 1912 4013 ipsis
1932 3945 2069 4017 princeps

1246 4026 1440 4096 rempublioans
1460 4041 1531 4078 suero
1552 4023 1660 4094 provide
1678 4036 1761 4088 curet,
1779 4033 1852 4092 reget
1870 4035 1896 4078 ot
1919 4042 2070 4084 conservet.

1245 4111 1287 4166 re.
1306 4113 1424 4164 ttouon.
1441 4121 1545 4178 quaest.
1565 4107 1603 4160 ili.
1622 4111 1649 4160 t.
1670 4109 1727 4160 imo
1739 4107 1828 4162 subito
1841 4122 1997 4180 emergente
2011 4133 2073 4170 ease

1247 4213 1281 4249 ue
1296 4192 1402 4265 quidese
1421 4192 1594 4263 repentendos
1612 4209 1668 4245 esso
1685 4193 1821 4255 outteeus.
1841 4191 1886 4245 sed
1908 4197 2002 4260 potius
2027 4217 2070 4252 re·

1247 4279 1382 4340 luctantes,
1400 4269 1564 4329 teoottutbus
1582 4293 1644 4346 pree
1660 4277 1770 4328 coeteris
1788 4277 1949 4344 eminentes,
1963 4283 1998 4334 ad
2013 4301 2070 4335 mu·

1248 4360 1373 4417 tuendum
1393 4360 1420 4414 iu
1440 4359 1573 4428 poblicum
1591 4359 1787 4428 compellendos
1805 4375 1862 4413 esse
1879 4371 2005 4415 stetuuut
2025 4365 2073 4418 dd.

1250 4441 1583 4510 ridentiumque.
1604 4445 1629 4494 1.
1647 4443 1679 4497 de
1696 4457 1808 4496 success.
1832 4453 1913 4495 creat.
1940 4443 1964 4512 5.
1984 4447 2016 4500 b.
2042 4468 2071 4500 u.

1250 4529 1276 4580 1.
1293 4528 1388 4597 quibus
1407 4536 1494 4579 temen
1513 4527 1651 4594 priuoeps‚
1670 4525 1692 4578 si
1713 4527 1772 4594 ipse
1791 4523 1894 4578 idoneis
1913 4524 2072 4584 redditibus

1250 4613 1355 4684 polleat,
1373 4613 1503 4681 integram
1524 4610 1660 4680 peouotsu
1681 4619 1835 4676 mutuatum,
1853 4627 1911 4662 oum
1932 4611 2074 4667 modernis

1250 4698 1387 4758 iuteresse,
1405 4697 1472 4762 juste
1490 4702 1578 4761 postes
1597 4691 1723 4745 restituit.
1743 4694 1811 4746 Poto.
1838 4693 1918 4760 Heig.
1935 4705 2015 4760 port.
2046 4696 2072 4747 1.

1250 4789 1350 4850 quaest.
1369 4778 1395 4829 1.
1414 4795 1442 4828 n.
1460 4776 1522 4829 140.
1540 4775 1616 4846 Quod
1635 4777 1657 4828 si
1676 4793 1737 4830 sero
1756 4777 1866 4830 idoneos
1878 4773 2005 4831 redditos
2019 4796 2074 4834 uon

1251 4863 1362 4926 hubert,
1385 4861 1475 4915 rettu
1493 4862 1621 4930 integram
1641 4859 1777 4929 preconium
1805 4868 1988 4926 numeralem,
2017 4880 2075 4916 rur·

390 4947 537 5002 territoriis
553 4945 668 4998 liberum
687 4942 784 4995 bsbent
796 4939 952 4994 exercitium
965 4935 1083 4991 omnium
1094 4933 1203 5003 jurium,
1252 4960 1362 5014 ,umque
1380 4945 1542 4998 modernum
1563 4944 1702 5009 iuteresse,
1719 4961 1751 4995 ex
1773 4945 1958 5000 uniuersorum
1972 4946 2073 5001 uirium

390 5047 458 5104 quse
475 5030 506 5086 ad
525 5030 714 5101 rempublioum
739 5025 933 5095 gubernendsm
960 5019 1101 5072 necesuris
1124 5025 1204 5082 suut,
1253 5025 1400 5090 collusione,
1418 5025 1529 5080 deducta
1549 5043 1579 5080 ea
1596 5039 1679 5098 perte¹
1698 5044 1764 5099 quae
1781 5027 1814 5080 sd
1840 5027 1923 5081 civem
1946 5041 2072 5084 mutuen-

393 5127 420 5171 et
439 5115 534 5185 tepolis
555 5117 653 5181 mojori
671 5119 803 5172 eoosutusp
821 5107 901 5159 simui
913 5107 991 5173 otius
1006 5101 1145 5171 uectigalis,
1157 5101 1202 5153 tri·
1255 5121 1317 5174 tum,
1338 5108 1427 5162 hubis·
1446 5110 1572 5163 bonum
1592 5111 1700 5176 petione,
1719 5119 1825 5178 spectet.
1840 5109 1940 5165 Klook.
1959 5113 1992 5166 de
2005 5133 2073 5168 eon.

393 5201 465 5261 bots,
484 5198 607 5249 ootteues
627 5191 741 5246 subditis
760 5191 813 5244 suis
827 5186 978 5258 imponendi
993 5203 1040 5257 pro
1053 5183 1206 5239 necessitate
1253 5192 1313 5247 psit.
1331 5193 1369 5247 275,
1388 5191 1430 5246 43,
1448 5193 1477 5246 p„
1486 5191 1518 5262 s
1537 5195 1568 5246 1„
1587 5193 1673 5263 ,pecie
1690 5204 1777 5246 ,m
1798 5193 1868 5246 pm„
1881 5195 1967 5260 iun„
1979 5209 2078 5250 “um

398 5282 502 5358 publiea
521 5276 662 5331 habebunt.
680 5273 806 5328 Vindicat
825 5274 896 5326 euim
915 5272 967 5325 eibi
990 5270 1114 5324 domiuus
1132 5267 1206 5322 terri
1254 5274 1416 5328 cotteanum
1436 5273 1549 5331 refertur
1567 5276 1634 5328 seris
1651 5275 1731 5329 elicui
1753 5275 1860 5341 solutio,
1879 5275 1902 5328 si
1921 5273 2076 5332 scilieet&

396 5365 471 5426 surii,
491 5363 578 5429 rigore
597 5359 797 5428 superioritstis,
816 5359 858 5424 ius
873 5357 899 5407 in
914 5371 1005 5414 omnes
1024 5354 1146 5423 degentes
1158 5369 1205 5405 suo
1254 5359 1363 5410 sulutem
1384 5357 1535 5427 provinciae
1552 5379 1566 5411 a
1586 5359 1705 5428 principe
1730 5366 1864 5410 contrecta
1890 5367 1938 5412 ost.
1958 5359 2085 5428 Regnent.

397 5447 428 5497 iu
449 5444 602 5505 territorio,
629 5441 683 5492 imo
709 5443 736 5492 iu
759 5441 846 5492 otonis
866 5441 931 5493 boue
955 5439 993 5492 ibi
1019 5438 1077 5492 sits.
1099 5435 1151 5489 Dn.
1175 5436 1207 5490 de
1256 5439 1355 5492 sintin.
1373 5439 2077 5511 derepul.iib.2.o.ii.n.ii.Csptiritaselomiui.

400 5526 486 5579 mm*
505 5522 570 5575 iim·
580 5523 640 5596 jur.
655 5524 727 5592 imii-
746 5523 792 5578 444·
811 5523 836 5575 2·
854 5524 893 5577 ¹⁸⁸⁶·
912 5523 941 5574 4·
956 5521 989 5572 El
1008 5521 1071 5573 '³5⁰⁶
1083 5517 1115 5571 te
1128 5517 1205 5572 lerti-
1257 5525 1301 5578 sio
1315 5525 1342 5576 in
1354 5525 1440 5580 Gallie
1455 5525 1589 5602 adjutum,
1601 5529 1676 5596 vulgo
1689 5525 1827 5597 lesoydes‚
1840 5525 1978 5580 insontum
1996 5541 2086 5580 neem,

401 5612 468 5666 totio
486 5608 611 5665 dicuutur
630 5625 684 5664 osse
703 5609 803 5683 omnia,
822 5617 847 5662 et
861 5607 988 5680 pertincte
1001 5605 1031 5660 ed
1044 5621 1111 5674 euru,
1130 5605 1207 5678 eujus
1257 5605 1330 5664 sione
1345 5607 1496 5671 iuometeti
1508 5613 1577 5690 regis
1596 5611 1736 5682 iohannis,
1759 5609 1862 5682 tuot.
1880 5609 2027 5685 Spreuger.
2045 5611 2076 5666 in
