4248 6232
821 313 1155 397 niseurarro
1178 203 1448 398 vrunsrna
1471 205 1676 413 unsara
1785 297 1789 306 '

506 529 609 644 ua
646 520 1393 644 aasnouauaonuuns
1427 515 1952 664 aasuuuouun,
2004 545 2020 588 ·‡

931 769 984 813 nu
1008 793 1016 812 ι
1043 793 1052 812 ι
1081 795 1088 812 ·
1118 767 1252 814 sslssllffl
1274 767 1359 814 tutto
1383 771 1571 816 ttucmvm.
1609 833 1612 838 Ι

628 935 819 1010 sallusti
843 929 1131 1004 Fulnuutcus
1154 929 1409 1022 STRYlllUS,
1432 931 1860 1005 uuautsuavfflnsis

999 1221 1497 1266 —n-O--n—

1046 1463 1455 1538 PROOEMIUM.

420 1691 534 1826 Una
569 1749 681 1824 trahit
707 1747 893 1848 plerosque
918 1743 1085 1818 homines
1110 1741 1294 1842 voluptas,
1323 1757 1362 1816 ut
1386 1744 1587 1817 secundum
1614 1745 1733 1820 animi
1766 1747 1908 1848 cujusvis
1925 1746 2008 1822 desiis-

407 1857 541 1949 trium,
566 1852 712 1936 omnia,
738 1848 970 1947 potissimum
998 1843 1156 1914 hunraua
1182 1846 1372 1936 eveniant,
1399 1843 1483 1916 binc
1511 1845 1697 1920 felicitatis
1729 1871 1900 1920 summurn
1919 1850 2007 1920 seatti

419 1956 510 2050 gisse
534 1949 679 2024 culmen
706 1949 913 2036 existimat,
929 1948 1030 2044 cujus
1055 1943 1100 2014 ad
1119 1939 1314 2016 arbitrium
1341 1943 1537 2016 succedunt
1563 1949 1686 2020 omnia
1699 2003 1712 2040 ,
1728 1961 1766 2022 st
1790 1949 1850 2046 qui
1871 1950 1913 2018 sui
1932 1949 2007 2020 siri

422 2052 554 2150 ubique
578 2049 796 2122 damnatum
816 2047 927 2121 videt.
944 2041 1050 2136 Quod
1078 2041 1317 2133 desiderium,
1335 2059 1376 2117 ut
1400 2043 1538 2117 scilicet
1564 2049 1685 2120 omnia
1714 2071 1759 2121 ex
1784 2071 1842 2120 sua
1865 2047 2008 2120 aninien·

420 2157 536 2226 tentia
561 2147 697 2238 fluant,
726 2150 788 2222 vix
814 2143 1005 2218 moriendo
1031 2140 1229 2241 deponunt.
1257 2145 1435 2236 Quamvis
1460 2147 1586 2237 enim,
1610 2169 1654 2217 ex
1678 2148 1758 2222 Jcti
1782 2149 1939 2234 sententis,
1958 2145 2010 2217 atria

422 2275 504 2326 snus
530 2249 728 2322 voluntatis
751 2247 933 2318 bumanae
960 2246 1138 2314 terminus
1164 2265 1266 2315 mors
1290 2248 1357 2336 sit;
1377 2256 1540 2317 attamen
1567 2247 1752 2345 cupiditas
1777 2247 1856 2336 illa,
1874 2244 2008 2316 bominibus

421 2354 552 2438 insita,
576 2351 623 2420 de
648 2346 752 2418 rebus
776 2347 850 2416 suis
875 2348 912 2415 in
938 2354 1154 2443 perpetuum
1188 2342 1423 2440 disponendi,
1450 2347 1540 2416 adeo
1568 2351 1755 2438 excrevit,
1782 2362 1820 2420 ut
1855 2345 2007 2442 multispot

421 2465 578 2524 mortem
605 2447 753 2536 seculis,
778 2443 895 2516 adhuc
919 2466 965 2513 ex
990 2465 1052 2512 suo
1077 2439 1233 2514 arbitrio
1259 2442 1349 2514 bona
1378 2445 1504 2514 relicta
1535 2447 1788 2518 administrari
1821 2448 2006 2542 cupiant,ps·

420 2563 528 2650 petuo
552 2545 821 2618 fideicommissi
847 2563 943 2612 nexu
970 2543 1219 2638 posteritatem
1246 2565 1347 2614 suam
1365 2544 1658 2637 constringendo.
1676 2545 1814 2638 Quoia
1839 2545 1948 2639 negotio
1963 2555 2005 2612 ιιιι

421 2649 606 2721 laventem
636 2645 866 2743 experiantur
894 2639 1213 2738 'urisprudentiam
1240 2663 1448 2730 romanam,
1476 2665 1568 2738 quae
1592 2656 1649 2714 sat
1683 2643 1823 2718 roboris
1853 2641 2005 2714 indulsitlis

421 2748 675 2821 defunctorum
704 2665 970 2826 voluntatidus,
997 2737 1161 2809 nondum
1191 2752 1313 2810 tanreu
1339 2742 1378 2810 iu
1404 2739 1471 2810 hoc
1488 2745 1792 2840 acquiescendum
1810 2739 2003 2838 censentplai·

421 2871 510 2948 que,
536 2847 623 2918 dnm
651 2842 748 2914 laaud
775 2865 855 2911 raro
878 2839 1138 2908 exsecrationes
1165 2839 1395 2909 testamentis
1429 2841 1503 2911 suis
1529 2841 1730 2940 adjiciunt,
1754 2845 1832 2915 dira
1862 2841 1999 2912 omniin·

423 2946 599 3048 precando
626 2943 718 3032 illis,
744 2943 878 3037 quiex
903 2939 1071 3036 posteris,
1097 2935 1191 3008 hanc
1218 2934 1390 3010 ultimam
1426 2937 1656 3014 voluntatens
1692 2948 1884 3016 immutare
1904 2937 2003 3012 anilis·

422 3051 509 3120 rint.
537 3046 587 3115 Et
613 3043 669 3114 liis
695 3034 1016 3138 imprecationibus
1041 3035 1257 3134 plerumque
1284 3041 1428 3110 munita
1454 3054 1558 3128 sunt,
1585 3065 1679 3139 quaa
1714 3047 1785 3143 piis
1817 3035 2005 3141 quondanls

422 3148 557 3218 stinata
583 3145 717 3231 causis,
735 3135 1036 3233 ecclesiarumque
1061 3159 1102 3208 sc
1128 3139 1431 3209 monasteriorum
1461 3138 1665 3215 fundationi
1692 3142 1827 3225 dicata,
1850 3163 1923 3238 quae
1940 3149 2007 3208 ιιιιιι

423 3245 529 3320 lindie
553 3242 706 3315 subinde
731 3249 871 3311 mutata
900 3236 1082 3324 videmus,
1108 3257 1180 3308 nou
1208 3238 1358 3308 attentis
1374 3237 1600 3314 solemnibus
1625 3242 1701 3314 illis
1726 3233 2008 3315 exsecrationunlr·

426 3344 548 3418 mulis.
577 3343 646 3413 Res
671 3343 758 3412 laaec
784 3360 911 3410 ansam
940 3333 1031 3406 milri
1057 3334 1174 3423 dedit,
1201 3339 1411 3434 speciminis
1437 3339 1633 3414 academici
1661 3343 1758 3432 loco,
1785 3335 2008 3414 materiamine

423 3442 675 3544 proponendi,
699 3452 736 3510 et
761 3437 849 3536 qnid
878 3435 1039 3536 justitiae
1064 3433 1121 3506 lais
1147 3447 1361 3508 testatorum
1388 3439 1693 3513 exsecrationibus
1718 3443 1849 3530 subsit,
1872 3462 1905 3510 sc
1923 3428 2008 3532 quosl-

427 3545 522 3618 sectn
549 3547 587 3614 in
613 3541 793 3612 decisione
817 3559 1006 3609 causarum
1031 3533 1230 3632 gaudeant,
1248 3536 1471 3632 inquirendi.
1497 3538 1649 3614 Factum
1678 3543 1747 3616 boc
1774 3535 2010 3642 praesentibnpa

427 3645 542 3744 ginis,
568 3665 640 3716 non
666 3641 750 3727 illa,
777 3661 885 3736 quam
913 3639 1085 3706 materiae
1110 3635 1269 3732 dignitas
1295 3637 1522 3728 merebatur,
1547 3645 1780 3730 tractatione,
1797 3641 1854 3713 sed
1877 3633 2010 3738 prastias

427 3743 598 3816 exercitio
631 3739 838 3813 academico
870 3733 1034 3807 sufficere
1068 3746 1249 3834 poterant:
1278 3735 1365 3809 binc
1401 3739 1547 3812 venians
1580 3742 1674 3814 mibi
1713 3769 1732 3815 a
1765 3741 1884 3814 lectore
1905 3725 2010 3808 naevii

431 3843 601 3943 polliceor
618 3839 869 3911 certissimam.
887 3837 1003 3907 Deum
1023 3859 1107 3906 vero
1131 3837 1312 3934 optimum
1338 3840 1542 3911 maximum
1567 3842 1721 3940 supplex
1742 3841 2011 3927 cenommannica

425 3960 512 4014 ,turn
540 3955 580 4011 ut
605 3943 719 4036 gratia
745 3960 806 4006 sua
834 3934 937 4006 nobis
961 3934 1077 4023 adsit,
1101 3948 1139 4007 et
1166 3933 1308 4012 lebcem
1344 3935 1476 4009 laboris
1509 3965 1712 4014 successum
1748 3930 2011 4038 largissimis

428 4065 573 4141 qnoque
597 4037 822 4112 sanctissimo
847 4037 979 4132 spiritu
1003 4058 1068 4106 sua
1094 4057 1159 4108 nos
1184 4058 1246 4134 per
1280 4060 1428 4110 omnem
1466 4043 1580 4112 vitam
1614 4041 1770 4140 dirigat,
1793 4067 1836 4112 ne
1858 4043 2010 4110 incurramus

428 4143 689 4216 exsecrationes
715 4133 854 4206 malum
879 4159 900 4204 o
947 4135 1111 4206 rantibus
1135 4137 1398 4226 comminatas,
1422 4139 1483 4211 sed
1513 4143 1643 4214 merito
1668 4143 1822 4233 Christi,
1844 4137 1885 4214 ab
1903 4123 2010 4210 ousiis·

429 4245 484 4346 gis
508 4238 754 4314 exsecratione
780 4259 843 4308 nos
868 4159 1068 4326 libdrante,
1093 4237 1196 4332 digni
1221 4234 1551 4335 deprehendamur.

1104 4429 1351 4499 CAPUT
1397 4432 1425 4500 1.

997 4617 1050 4686 Dc
1071 4617 1308 4688 exsecratione
1330 4619 1367 4686 in
1390 4642 1527 4710 genero.

665 4819 687 4870 ⁸
705 4821 733 4876 U
749 4817 785 4872 Π
798 4816 834 4869 Π
846 4815 876 4870 A
894 4817 920 4872 fl
938 4818 957 4871 ¹
969 4815 1000 4870 A
1293 4824 1369 4879 Ποῖα
1379 4825 1442 4880 inda
1452 4826 1581 4882 concludi
1590 4829 1628 4882 sd
1639 4828 1835 4883 maledictiones
1844 4815 1957 4876 Ιιιιιιὶιιιι.
1965 4804 2000 4859 sl

1291 4907 1423 4962 Baioarii
1432 4921 1459 4962 et
1470 4909 1565 4964 Elisos
1577 4912 1778 4968 maledictiones
1789 4885 2003 4966 warmannus*

425 4993 665 5065 Baptasurosem
677 4985 990 5058 uosolulornmsospius
1000 5001 1057 5042 ssss
1067 4987 1243 5062 superfluum.
1292 4993 1443 5058 Responsio
1456 4995 1606 5064 Augustini
1614 4997 1754 5052 laudaturi
1764 5023 1790 5057 a.
1802 4995 1842 5047 1⁰·
1888 5029 1891 5038 ·
2009 4996 2011 5005 ⁴

463 5101 490 5135 '¹-
504 5085 527 5135 ¹·
1293 5073 1577 5144 Confirmoturoerbs's
1588 5079 1706 5136 Raboni-
1718 5099 1746 5133 rs.
1758 5084 1801 5132 ll.

429 5165 564 5218 Obscuros
575 5177 656 5218 uoces
667 5169 775 5216 tontum
786 5153 968 5228 explicandos
979 5166 1044 5208 esse.
1058 5169 1086 5205 sn
1098 5151 1124 5208 2
1293 5156 1446 5212 Adducam
1456 5161 1602 5214 mmm,
1621 5163 1721 5216 amp·
1734 5180 1762 5216 η,
1775 5159 1815 5214 12

427 5251 483 5304 Cur
496 5247 554 5300 Jcts'
566 5248 686 5303 Romani
696 5261 794 5298 uocum
806 5241 986 5310 indagatores
994 5236 1110 5303 fuerint.
1123 5256 1150 5292 n.
1163 5240 1189 5296 ³.
1293 5241 1502 5297 Maledictiones
1512 5243 1675 5313 rejiciuntur.
1687 5265 1715 5298 n.
1729 5248 1773 5300 1³.
1964 5297 1985 5316 μ
2000 5291 2003 5304 ,

428 5333 474 5386 Ds
485 5331 619 5385 vocabulo
634 5326 842 5385 exsecrationis.
855 5343 883 5380 ss.
895 5324 921 5376 l.
1291 5326 1448 5382 Adsuetus
1459 5328 1592 5384 monicum
1605 5329 1758 5386 Solootoris
1767 5327 1799 5384 ds
1811 5307 2009 5378 salmurus

427 5405 644 5468 Exdscrotr'onss
656 5413 742 5466 ultim.
755 5411 862 5464 volunt·
873 5407 1067 5462 deseribuntur.
1080 5426 1108 5462 n.
1120 5406 1147 5464 bs
1328 5413 1374 5464 eis.
1388 5429 1413 5466 n.
1428 5412 1469 5465 14.

427 5499 631 5556 Maledictione
645 5498 673 5551 r'n
684 5513 781 5567 genere
792 5495 997 5562 expenduntur.
1013 5493 1080 5552 aad.
1299 5495 1347 5547 7⁸12,
1357 5498 1471 5553 mmm·
1481 5497 1514 5551 (ι,
1524 5515 1556 5550 ω
1569 5513 1598 5549 ,3
1604 5493 1746 5567 jgdfggm
1759 5513 1785 5550 ,3⁸
1800 5491 1837 5543 15,

427 5586 564 5658 &sesols
576 5581 773 5642 ‘soledists'snt's
784 5577 909 5636 divinos.
924 5594 954 5634 u·
964 5576 991 5633 7·
1296 5581 1554 5640 Escosnomnioots'o
1568 5579 1746 5638 ecclesiastico
1760 5571 1934 5652 approbatum
1952 5551 1977 5605 ¹⁶·
