4364 6194
203 316 258 372 Μ
691 299 740 359 li!
758 297 899 360 ttuttts
916 287 1167 356 tumulemus
1185 301 1247 348 stc.
1722 291 1775 350 tit

154 418 229 485 caius
248 411 338 468 locrius
360 408 475 483 conjugii
493 425 552 464 euru
575 414 646 462 certe
671 403 782 475 quadem
802 417 883 455 uxore
900 418 962 471 psu-
1015 391 1152 444 Prohlrm
1179 390 1229 443 bos
1253 384 1382 486 tultlls'up
1406 404 1438 444 su
1461 385 1544 460 ussgis
1567 385 1596 444 ln
1623 393 1770 463 ptseseutis
1788 392 1830 448 dl·

151 488 878 570 gunt,illsrequeretinent,qurru'diuillisplseuerlt,
898 491 964 554 post·
1014 491 1110 544 3⁰⁰0,
1128 490 1186 526 ΜΝ
1215 475 1243 526 ἱῦ
1270 475 1319 526 bec
1342 474 1520 544 dtspsststioue
1543 474 1576 530 de
1595 476 1832 549 illegitimupsrtu

92 599 134 656 20
153 585 259 640 modum
278 585 351 636 illam
370 602 384 636 s
404 599 432 633 se
449 579 597 632 dimittunt.
615 575 656 627 De
674 571 806 625 soliditate
831 580 857 621 et
882 568 967 636 legiti·
1014 575 1137 626 ⁸8¹⁰¹⁰⁸s
1151 566 1179 610 ⁰²
1197 557 1236 610 ³5⁰
1254 557 1332 626 huius
1349 575 1451 630 quaque
1468 559 1597 614 rationem
1617 559 1715 614 babere
1730 577 1834 614 sumruc

154 671 246 724 saitste
272 667 349 732 liuius
373 663 497 718 connubii
524 678 575 714 nou
593 656 671 709 ereda
689 669 745 706 esse
762 649 967 718 subigendum,
1017 645 1074 710 iure
1091 645 1239 697 debuemus.
1251 643 1332 699 Casus
1348 663 1379 699 eo
1397 647 1552 714 recidit,sn
1571 649 1630 718 quis
1647 665 1706 702 eam
1725 651 1832 722 propris
1852 664 1889 722 geg

153 769 213 804 eum
234 748 361 804 solemnis
378 765 410 800 es
430 760 504 797 ruore
521 743 645 809 caiusque
666 736 753 806 gentis
771 732 891 786 adhibite
910 732 966 784 sul·
1016 739 1195 792 usore‚quaiu
1214 727 1328 780 silenem
1347 741 1416 792 putet
1435 745 1493 782 esse
1510 727 1835 796 luemlurm,corumittst

153 831 343 902 licissimum
361 831 390 882 iu
409 828 459 880 lsue
475 843 535 879 assa
553 824 644 876 adesse
661 817 815 890 finguntur,
834 832 918 886 neque
929 818 967 868 ln·
1018 807 1195 875 adulterium,
1214 823 1330 876 numque
1347 823 1380 859 es
1398 812 1447 859 hee
1460 814 1554 877 rupole
1570 814 1674 880 genitas
1693 825 1781 884 partus
1798 815 1833 868 le-

155 915 265 972 elicitus
285 915 350 970 sitae
373 907 535 966 cousuetudo
558 905 676 959 absolute
698 902 767 970 irruis
791 907 898 950 usturse
915 897 969 950 diei
1019 893 1124 960 ultimis
1143 892 1177 944 sit
1197 890 1422 946 semusenlutttl
1441 893 1551 946 mihis?
1563 895 1689 966 Eseupt·
1708 900 1785 966 hujus
1798 897 1838 954 rel

156 1001 252 1074 'mig
271 998 368 1050 Emit.
387 997 433 1048 dn.
451 993 611 1047 Teumesius
635 989 663 1044 iu
688 986 773 1039 instit.
790 982 908 1057 jurispr.
934 982 971 1035 di·
1023 975 1277 1046 prohdnluuubsis
1296 992 1369 1042 esse,
1389 975 1562 1028 historisrum
1587 989 1755 1033 monuments
1773 981 1838 1034 setis

101 1083 211 1154 wia,
233 1082 281 1145 lib,
308 1083 334 1133 ³.
358 1096 383 1134 e.
407 1078 433 1131 2
457 1085 480 1141 ς.
506 1076 569 1128 stt.
585 1089 658 1144 supp.
676 1069 777 1140 studsi
796 1077 882 1121 eutero
902 1067 972 1119 inter
1021 1061 1135 1116 elocent.
1159 1062 1231 1114 luter
1255 1062 1337 1114 mults
1363 1063 1445 1114 solum
1471 1059 1597 1130 sllegrsse
1619 1059 1752 1126 sufficiat,
1770 1063 1838 1132 qaod

159 1168 320 1222 ‘mmm'
349 1180 424 1233 m„
449 1163 490 1217 π,
521 1161 656 1231 prmum
679 1152 811 1224 ,immoti
837 1152 971 1204 mutim.
1023 1143 1101 1195 decus
1119 1144 1220 1214 petrice
1236 1154 1342 1198 uustrse
1358 1143 1385 1196 ls.
1409 1145 1612 1199 flerstnmras
1629 1144 1658 1198 iu
1678 1146 1783 1201 tleutro
1802 1147 1840 1201 tu‘-

160 1251 253 1312 nium,
271 1264 318 1300 ceu
337 1246 501 1314 indigitsut,
520 1239 712 1304 eonscientiee,
730 1236 846 1304 merlege
863 1234 896 1286 de
913 1249 973 1284 eon·
1022 1230 1167 1281 dormitum
1188 1229 1350 1284 relecturum
1374 1227 1485 1280 sdduslt
1503 1229 1536 1281 de
1561 1229 1686 1282 molitore
1711 1228 1840 1299 quodem,

161 1332 265 1386 sciente
289 1329 377 1382 Gallis
401 1329 520 1390 dietum,
539 1323 726 1385 contrahetur,
747 1321 829 1386 rosim
852 1317 885 1370 tle
902 1315 976 1368 illius
1023 1312 1068 1378 qui
1087 1311 1218 1365 loeruinse
1240 1314 1373 1382 enjusdam
1399 1330 1489 1367 smure
1514 1312 1628 1383 flagrans
1652 1331 1711 1368 cum
1738 1316 1783 1369 ills
1809 1315 1842 1370 sd

159 1415 265 1485 lustltis
284 1421 311 1466 et
328 1408 456 1465 firmitate
473 1406 614 1460 dubitandi
633 1406 701 1458 ratio
718 1417 859 1470 exsurgere
876 1409 976 1470 posset,
1025 1395 1182 1464 “piendum
1202 1396 1343 1449 libidinem
1364 1413 1436 1450 susm
1457 1398 1490 1450 de
1507 1398 1565 1451 locu
1576 1409 1603 1452 et
1618 1405 1733 1468 tempure
1751 1416 1844 1454 canse-

157 1496 214 1552 lmo
233 1499 282 1550 hoc
301 1513 348 1566 pro
367 1491 588 1554 illieitolsslsere,
600 1488 634 1540 uls
648 1488 828 1540 suctoritsteru
847 1483 914 1551 iuris
929 1483 976 1533 Di·
1027 1490 1108 1533 uarat.
1127 1480 1251 1534 Formica
1270 1499 1348 1536 amne
1366 1481 1502 1553 negotium
1522 1481 1654 1536 molitoris
1668 1483 1743 1538 usori
1762 1481 1843 1536 conli-

102 1593 142 1650 ,ο
160 1580 231 1646 riui,
250 1579 316 1632 nulli
337 1576 497 1630 dubitemus.
516 1572 602 1624 Aliter
620 1581 707 1623 sutem
733 1585 761 1622 se
786 1582 827 1619 res
848 1564 976 1630 lsslsersl,
1028 1572 1115 1632 tetur,
1134 1584 1186 1636 quo
1211 1567 1256 1621 illa
1280 1567 1386 1622 matstls
1414 1566 1528 1623 restibus
1557 1567 1667 1638 propria
1690 1569 1793 1636 conjugi
1817 1585 1845 1620 se

159 1664 183 1720 si
201 1666 261 1734 quis
278 1663 360 1726 clam,
380 1660 421 1713 sel
441 1659 469 1710 iu
488 1658 545 1710 loco
564 1665 678 1719 remota,
698 1668 726 1706 se
749 1648 864 1722 copulsri
883 1655 979 1714 curet,
1028 1661 1118 1720 posset
1143 1651 1287 1717 exhibere,
1305 1663 1329 1705 et
1354 1652 1393 1703 sie
1420 1651 1556 1721 utriusque
1580 1651 1681 1704 crimen
1710 1663 1843 1721 stertere,

158 1757 251 1819 postes
269 1757 355 1800 lernen
369 1743 474 1814 publice
490 1750 567 1810 neget
585 1749 628 1791 sut
647 1736 799 1790 dissimulet
811 1751 839 1786 se
847 1747 904 1785 esse
916 1747 977 1784 con·
1027 1736 1095 1803 quod
1115 1737 1194 1788 etism
1214 1734 1371 1788 lelieissime
1389 1735 1531 1798 successit,
1551 1743 1580 1788 ut
1599 1736 1709 1788 meritus
1726 1751 1754 1788 se
1771 1751 1844 1803 egre·

158 1832 291 1901 jugerum,
309 1829 355 1883 ille
379 1827 568 1881 conscientium
589 1838 664 1876 susm
690 1837 739 1891 per
758 1819 824 1874 lssnc
841 1816 979 1870 enotuit·
1028 1819 1069 1886 gie
1097 1819 1216 1872 satiatum
1245 1816 1330 1871 lessus
1358 1819 1411 1882 sit,
1428 1817 1546 1888 quamsit
1574 1817 1718 1888 insigniter
1740 1817 1846 1872 delusus

160 1929 223 1967 nam
241 1913 435 1983 copulstlnneru
457 1909 628 1980 trancillsre
644 1913 754 1960 eatenus
776 1901 846 1957 lorte
865 1901 977 1970 poterit,
1029 1899 1118 1954 luerit.
1140 1903 1197 1954 Alis
1223 1902 1342 1973 exempla
1371 1901 1474 1968 tscebn,
1495 1919 1561 1971 quse
1588 1901 1616 1955 lu
1641 1900 1847 1956 Baccheuslilius

104 2023 145 2077 Μ
164 2012 200 2050 ne
222 2012 250 2051 ss
272 1997 354 2068 stupri
378 1993 491 2048 crimine
516 1994 660 2046 mseulssse
685 1991 737 2044 dial
762 1999 844 2059 quest.
865 1987 977 2041 luteriru
1030 1986 1101 2039 inter
1119 2002 1243 2057 persuues
1263 1988 1380 2040 illustres
1399 2003 1518 2056 quoque,
1536 2003 1585 2056 per
1602 1987 1697 2039 larsem
1716 1986 1847 2056 decepiss,

167 2078 297 2149 ejusmodi
322 2075 492 2131 metri-ouis
516 2077 599 2129 tutius
621 2077 851 2136 interminamur,
873 2083 898 2126 et
919 2087 978 2122 cum
1031 2085 1082 2122 non
1103 2070 1286 2140 infrequenter
1303 2072 1449 2141 contigere.
1470 2067 1847 2140 Transeamuspotiussdde-

164 2163 308 2215 tenerrime
328 2176 370 2213 res
381 2160 414 2210 sit
432 2158 614 2224 couscientia,
628 2157 725 2211 rectius
742 2153 775 2207 sb
793 2155 849 2208 illis
865 2150 977 2206 abstine
1029 2154 1155 2207 sirionem
1175 2155 1386 2220 controversiae,
1405 2165 1432 2208 et
1456 2153 1637 2224 inquiremus,
1656 2170 1719 2206 uuus
1744 2153 1846 2208 adulte·

165 2255 217 2300 tur.
235 2241 311 2314 Quod
330 2244 353 2295 si
374 2253 459 2294 tsmeu
482 2259 573 2311 grsses
590 2251 617 2296 et
639 2249 811 2313 praegnentes
836 2237 924 2290 edsiut
943 2252 981 2288 re·
1031 2237 1098 2288 siuns
1118 2255 1207 2291 resers
1228 2239 1262 2292 sit
1276 2239 1505 2302 commissum,et
1516 2254 1564 2308 per
1580 2254 1740 2308 consequeus
1757 2247 1848 2308 partus
1895 2251 1897 2256 ·

164 2331 346 2396 tiones,quue
363 2325 482 2394 copulem
502 2325 634 2395 publicam
648 2325 770 2376 secedere
788 2318 980 2380 reteut,etism
1030 2319 1131 2372 es-lrue
1150 2321 1223 2373 coitu
1242 2332 1377 2390 susceptus
1401 2321 1567 2375 adulterinus
1591 2319 1789 2375 aestimandus?
1807 2322 1845 2375 De
1865 2319 1902 2374 80

163 2409 258 2464 lllsess
274 2410 436 2461 couscientia
463 2408 566 2460 similis
585 2405 688 2460 loedere
715 2405 778 2457 iniri
802 2419 877 2473 posse
895 2402 982 2453 nullus
1031 2400 1090 2456 lura
1108 2405 1215 2457 interno
1234 2407 1322 2457 uullus
1343 2404 1507 2458 dubitationi
1525 2405 1597 2459 locus
1624 2413 1761 2474 superest,
1778 2404 1849 2460 lsuuc

164 2495 275 2558 dubito,
293 2507 317 2548 et
343 2495 424 2546 mults
452 2495 480 2544 in
497 2493 579 2547 seriis
605 2493 671 2544 locis
690 2490 741 2542 hae
763 2487 841 2542 moda
859 2485 980 2540 cuntrslsi
1033 2503 1082 2554 pro
1100 2486 1217 2540 adultero
1244 2487 1409 2542 habendum:
1428 2489 1587 2559 quicumque
1614 2486 1687 2542 enisu
1711 2490 1851 2558 aspexerit

163 2578 296 2630 curiosius
323 2577 488 2646 inquirentes
514 2575 591 2629 lucile
609 2571 812 2644 deprehendent.
839 2569 933 2623 Fusius
951 2571 984 2622 de
1035 2585 1149 2623 amarem
1173 2568 1212 2622 nd
1231 2571 1479 2638 euacmiseendunr
1505 2589 1582 2638 eam,
1602 2572 1664 2642 ium
1687 2571 1851 2628 adulterium
1919 2574 1922 2584 '

166 2660 213 2714 ltis
232 2660 283 2730 agit
302 2659 432 2712 Peltmsn.
452 2659 485 2713 tle
506 2657 608 2729 impari
634 2657 751 2710 matrim.
767 2662 842 2728 part.
866 2657 893 2706 l.
915 2671 939 2706 e.
959 2657 982 2706 l.
1033 2669 1093 2706 eum
1120 2672 1152 2707 ea
1178 2656 1311 2708 comnis'sit
1335 2657 1363 2710 iu
1390 2657 1471 2711 carde
1490 2673 1564 2722 suu,
1587 2657 1684 2710 Hastis.
1710 2657 1734 2708 5.
1761 2676 1783 2710 r.
1806 2658 1850 2711 2⁸.

105 2759 151 2816 ῃ
168 2761 197 2797 n.
223 2743 347 2796 stulto.
371 2743 494 2797 Veneriis
512 2743 590 2795 liberi
610 2757 642 2796 es
667 2739 794 2809 ejusmodi
815 2736 985 2792 matrimonio
1035 2735 1105 2787 Deus
1123 2736 1255 2804 siquidem
1276 2755 1328 2791 nou
1347 2740 1432 2793 sulum
1460 2757 1552 2810 purum
1579 2755 1676 2810 corpus
1693 2741 1727 2794 sb
1745 2740 1849 2794 illicitis

166 2829 199 2879 ed
218 2826 315 2880 Thalen
333 2825 462 2898 procresti
482 2827 552 2880 inter
578 2825 731 2894 illegitimos
757 2822 918 2877 releruntnr.
938 2821 985 2874 Pr·
1035 2819 1233 2887 cungressilsus,
1252 2820 1297 2873 sed
1323 2829 1349 2874 et
1368 2841 1458 2892 puram
1486 2823 1599 2878 animem
1619 2843 1632 2876 a
1653 2827 1739 2894 pruris
1756 2840 1851 2877 caucu-

166 2911 276 2965 lseattus
295 2921 382 2964 tamen
405 2910 560 2976 esistimst,
581 2909 641 2962 illos
669 2909 739 2962 luter
763 2906 897 2976 legitimos
915 2923 984 2960 cam·
1037 2903 1174 2972 pisceutiir
1191 2906 1285 2975 exigit.
1306 2903 1479 2976 lgnorerunt
1496 2909 1545 2964 hoc
1569 2927 1671 2980 qnoque
1688 2909 1803 2971 ethnici,
1824 2920 1853 2963 ut

167 2993 245 3048 nsnrle
263 2995 391 3048 recenseri
411 3011 504 3065 posse,
521 2995 544 3048 si
564 2993 764 3047 matrimonium
784 2991 926 3043 secuudum
946 3008 985 3044 so·
1038 2985 1100 3038 lsinc
1119 2987 1217 3041 Seuere
1236 2989 1321 3043 ‹licsls
1338 2991 1364 3042 si
1385 2989 1445 3061 puis
1466 3008 1526 3046 cuns
1544 3011 1632 3047 ueare
1649 3010 1698 3046 rua
1715 3005 1852 3062 tamquam

169 3078 268 3130 lemni.
293 3080 417 3149 cujusque
435 3078 523 3148 gentis
550 3077 648 3130 initum
674 3075 773 3137 luerit,
792 3075 845 3128 aid.
869 3075 925 3141 ejus
943 3075 988 3128 Tr.
1039 3069 1131 3122 aliena
1154 3073 1328 3138 concumbat,
1352 3073 1459 3128 adulter
1480 3075 1545 3138 erit,
1564 3074 1690 3146 quamvis
1707 3075 1755 3130 illa
1775 3074 1850 3130 adul-

171 3159 204 3213 ἡ
225 3161 325 3230 spuriis
349 3173 374 3212 pe
396 3158 485 3212 nurui,
507 3177 563 3231 cap,
588 3162 629 3211 1¹¹1,
651 3167 672 3222 ς.
691 3158 718 3210 8,
735 3161 820 3226 Myle:
840 3159 872 3211 ui,
891 3157 989 3212 Elim.
1039 3162 1100 3206 tera
1123 3171 1178 3207 trun
1203 3155 1253 3218 sit,·
1277 3157 1308 3210 de
1333 3157 1479 3212 Constant.
1500 3175 1560 3227 sap.
1590 3177 1613 3212 c.
1639 3161 1665 3212 7.
1699 3159 1848 3214 Secundum
1869 3161 1904 3215 80

113 3251 155 3308 ³2
171 3241 246 3297 beth,
276 3248 305 3297 g'pg
325 3247 462 3317 paruolus,
487 3263 548 3317 dap·
574 3246 601 3297 6,
626 3250 648 3307 ς,
672 3247 716 3296 11,
742 3245 858 3298 Ponatur
886 3257 988 3312 putem,
1040 3246 1127 3288 sulem
1146 3237 1233 3293 lulum
1251 3250 1390 3294 “lollium
1409 3241 1570 3294 “lunellum
1591 3243 1697 3313 proprie
1714 3251 1850 3312 pertulum

174 3328 306 3382 illustrem
328 3329 466 3398 quemdem
494 3345 632 3399 personam
656 3343 715 3381 cum
741 3326 854 3381 laemins
879 3330 990 3397 quadem
1039 3337 1096 3374 esse
1113 3324 1262 3378 nullatenus
1288 3327 1341 3379 diei
1362 3337 1463 3396 potest,
1481 3343 1539 3381 cum
1558 3326 1660 3383 alienus
1676 3346 1751 3384 umor
1770 3329 1851 3384 ruini·

175 3412 326 3465 pompm}
345 3412 525 3480 §.miligfingp
544 3415 579 3466 ig·
597 3423 624 3464 ul
643 3421 702 3482 poet
720 3412 822 3481 longum
843 3411 989 3465 minium
1042 3420 1085 3455 ille
1109 3403 1301 3460 intercesserit·
1318 3408 1430 3463 Oblinel
1454 3411 1535 3463 ellim
1562 3412 1608 3465 lile
1635 3412 1776 3466 ll'lllssllllfl
1806 3411 1852 3465 llll

174 3491 262 3547 filium
281 3511 312 3547 er
331 3495 375 3545 ills
395 3495 483 3559 tollet,
500 3495 570 3565 quod
590 3513 647 3546 curn
668 3495 713 3546 ille
737 3493 882 3563 comperit,
901 3493 990 3545 stetim
1042 3487 1142 3555 regula:
1156 3490 1213 3558 plus
1231 3491 1298 3543 salet
1314 3490 1383 3562 quod
1402 3493 1430 3544 in
1448 3494 1558 3548 serltste
1575 3505 1631 3558 est,
1644 3513 1723 3563 quum
1741 3495 1810 3563 quod
1823 3494 1852 3546 iu

174 3577 281 3648 publice
299 3579 430 3640 «lecisset,
445 3595 472 3630 se
490 3577 558 3630 hanc
577 3597 625 3648 pru
645 3593 725 3631 uxore
738 3593 783 3630 sus
797 3576 910 3646 legitima
924 3592 990 3629 sem·
1040 3573 1182 3640 opinione,
1200 3592 1247 3644 per
1265 3575 1288 3646 ξ.
1309 3578 1350 3630 tt.
1370 3578 1388 3630 i.
1409 3579 1443 3630 de
1459 3578 1536 3648 legat.
1553 3589 1579 3632 et
1597 3576 1707 3642 veritas,
1725 3594 1778 3630 nuc
1795 3577 1853 3647 opi-

177 3679 227 3731 prr
250 3663 395 3730 agnosisse.
419 3663 561 3732 Quaeritur
584 3661 649 3730 quid
675 3659 861 3724 statuendum,
879 3671 904 3713 et
923 3659 994 3710 iuter
1042 3657 1088 3710 nio
1106 3657 1134 3712 in
1153 3657 1257 3714 delictis
1274 3672 1418 3731 spectetur,
1438 3662 1491 3719 rid.
1509 3661 1555 3715 du.
1573 3659 1728 3716 Puleuelorl.
1746 3661 1810 3714 dei.
1823 3679 1852 3714 tr.

178 3763 260 3816 quos,
278 3746 412 3814 legitimos
431 3747 469 3799 rel
488 3745 656 3815 illegitimos,
675 3756 762 3815 partas
781 3743 824 3796 hic
843 3743 896 3795 erit
914 3743 993 3796 culle-
1042 3751 1069 3793 et
1089 3760 1115 3810 g.
1138 3741 1193 3794 tt
1230 3761 1252 3796 c.
1272 3744 1297 3796 ³.
1322 3752 1343 3808 ς.
1369 3747 1412 3797 tt.
1430 3745 1475 3798 dn.
1494 3747 1584 3816 Stryk.
1602 3757 1635 3798 tr.
1652 3747 1685 3800 de
1697 3748 1763 3819 jure
1779 3761 1852 3800 sent.

181 3826 352 3882 euoluitur
379 3829 441 3882 hue
459 3833 577 3899 qusest'sc
600 3828 684 3881 otiosa
710 3839 735 3880 et
755 3826 994 3890 insuisrlslestur,
1044 3821 1105 3875 diss.
1126 3841 1158 3877 x.
1182 3843 1238 3892 cap,
1261 3825 1286 3877 d.
1318 3845 1346 3880 n.
1370 3828 1414 3879 et.
1436 3840 1464 3881 et
1489 3828 1518 3882 r'n
1549 3829 1612 3894 dr’sp.
1642 3829 1674 3882 de
1689 3831 1761 3900 flare
1785 3849 1849 3884 cau·

182 3913 255 3965 illius
268 3914 371 3966 utilitas
388 3931 417 3966 se
434 3912 472 3965 ibi
492 3913 663 3982 potissimum
682 3925 802 3964 exserere
816 3919 917 3980 potest,
930 3925 993 3961 nuru
1044 3907 1136 3960 scient.
1158 3925 1181 3961 e.
1200 3905 1224 3960 d.
1247 3927 1274 3962 rs.
1293 3911 1355 3964 1³2.
1377 3923 1402 3965 et
1419 3928 1492 3982 seqq.
1515 3912 1609 3966 lisictc
1628 3912 1680 3978 sic,
1697 3913 1853 3968 adulterium
1871 3900 1906 3954 ω

181 3997 211 4046 in
230 3997 277 4048 illu
301 4011 380 4066 regno
398 3996 439 4049 sel
466 3997 600 4065 pretiosis
624 3997 760 4049 succedere
779 3995 878 4066 possit,
895 3994 941 4047 ubi
960 3995 993 4046 le·
1047 3989 1147 4042 nullum
1167 3991 1211 4042 ltic
1229 4003 1356 4062 petreium
1375 4013 1446 4061 esse,
1461 4007 1550 4065 pertus
1567 4014 1668 4067 quoque
1685 4013 1739 4050 unu
1757 3997 1857 4052 adulte·

129 4104 165 4161 gg
183 4079 299 4146 gitimsti
320 4097 365 4148 per
390 4079 408 4132 S
436 4081 475 4130 Μ.
500 4091 628 4134 arcentur.
650 4082 781 4130 incertum
808 4078 914 4147 quidem
939 4087 996 4145 est,
1046 4074 1120 4128 rinus
1138 4075 1190 4127 elici
1209 4079 1321 4144 retenti,
1339 4079 1400 4150 quis
1417 4077 1452 4132 ob
1477 4092 1622 4132 cessantem
1641 4095 1743 4132 csuseru
1769 4089 1857 4134 cessat

186 4181 249 4216 uum
277 4180 388 4232 unquam
414 4181 503 4217 serum
523 4177 546 4218 et
566 4179 659 4232 parum
686 4161 879 4215 matrimonium
900 4162 928 4212 in
947 4160 995 4212 ltoe
1046 4155 1167 4221 ellectus,
1187 4169 1213 4212 et
1232 4159 1303 4213 lusor
1323 4173 1411 4230 gurtus
1430 4171 1516 4216 tantus
1537 4173 1597 4227 est,
1615 4175 1642 4214 ut
1662 4163 1725 4216 licet
1743 4163 1772 4214 iu
1791 4181 1855 4216 cou-

187 4262 247 4298 cssu
266 4245 449 4310 intersenerit,
464 4261 512 4298 uec
530 4245 648 4315 probatio
664 4244 770 4296 aliunde
789 4241 879 4295 lssberi
897 4252 996 4312 potest,
1046 4256 1136 4306 gressu
1154 4242 1202 4294 hoa
1221 4242 1319 4312 eliquit!
1338 4244 1397 4297 sitii
1414 4245 1512 4311 subsit,
1525 4248 1574 4299 hoc
1591 4255 1679 4299 tarneu
1699 4247 1783 4315 partui
1798 4248 1856 4300 nul·

129 4353 167 4410 35
184 4347 260 4400 quam
280 4345 312 4381 es
332 4329 374 4379 isis
393 4327 492 4380 dnobus
509 4325 679 4396 conjugibus,
697 4326 741 4396 qui
762 4337 846 4378 umen
864 4323 941 4378 ambo
960 4332 994 4376 te·
1047 4323 1100 4374 lum
1126 4323 1314 4394 praejudicium
1341 4325 1432 4378 efferre
1451 4329 1541 4396 possit·
1566 4329 1759 4396 Subjuugsmus
1776 4327 1854 4382 slissn
1872 4324 1908 4376 ll

187 4428 238 4467 uiui
257 4417 285 4464 tn
304 4397 411 4483 propri.
430 4427 503 4464 erues
523 4420 601 4474 suut,
623 4410 799 4462 nihilominus
820 4427 877 4462 cuns
895 4409 927 4461 ed
947 4409 996 4462 mi·
1049 4405 1156 4458 themati
1176 4419 1266 4461 nostru
1286 4425 1337 4461 nou
1355 4409 1489 4463 sdrerssm
1509 4411 1705 4480 quaestionem,
1725 4429 1786 4464 uum
1805 4429 1858 4468 unu

187 4500 290 4548 nimum
311 4492 520 4546 conditionetum
541 4495 740 4546 matrimonium
761 4495 856 4546 initum
876 4491 957 4546 luisse
973 4513 999 4548 o·
1047 4505 1079 4540 εἰ
1094 4488 1311 4549 dissimilitudine
1324 4507 1413 4562 partus
1425 4503 1498 4564 pster
1516 4495 1599 4564 possit
1617 4505 1797 4562 argumentum
1811 4495 1860 4548 du·

186 4579 243 4632 rani
271 4576 351 4630 «lubio
376 4584 479 4640 estest,
505 4575 553 4626 ltac
577 4592 638 4628 reso
664 4577 858 4646 quamprimum
885 4574 998 4630 locruins
1047 4591 1105 4628 cere
1124 4575 1155 4627 sle
1173 4577 1241 4629 lsess
1254 4575 1385 4645 pudicitie
1405 4591 1427 4630 et
1446 4575 1498 4629 tite
1524 4575 1634 4631 uxoris?
1654 4576 1698 4629 su
1716 4581 1787 4632 euim
1808 4579 1860 4630 llo·

185 4661 291 4732 greride
313 4661 377 4715 lacte
403 4660 504 4725 luerst,
529 4657 697 4728 purificatum
724 4662 777 4725 sit,
795 4661 905 4729 insuper
929 4660 999 4716 levor
1049 4663 1145 4714 ratius:
1164 4661 1312 4716 laudentur
1334 4661 1418 4714 simili
1437 4662 1512 4726 prule
1536 4679 1704 4732 puerperae,
1726 4671 1753 4714 et
1776 4660 1859 4715 Tltec·

186 4745 391 4810 concurret,cui
410 4743 442 4795 sd
464 4759 495 4794 uc
513 4743 689 4812 praesumptio
705 4742 820 4797 eeitsnsli
839 4744 962 4798 crimiuls
981 4745 999 4796 l.
1049 4746 1133 4798 tritus
1155 4746 1225 4816 Idyl.
1251 4747 1293 4797 tt,
1317 4743 1449 4798 sdulterse
1467 4747 1557 4798 usuris
1581 4755 1759 4814 argumentum
1778 4742 1859 4810 lecit,

189 4829 285 4881 rnerita
303 4829 347 4879 st.
356 4825 395 4896 ff
412 4844 463 4898 pre
476 4827 557 4878 socia.
577 4838 599 4878 et
619 4828 752 4896 utriusque
770 4825 916 4893 eculessio,
934 4847 998 4898 quse
1048 4829 1146 4883 liberes
1164 4830 1231 4901 putri
1250 4829 1405 4882 dissimiles:
1418 4829 1461 4882 eui
1480 4845 1512 4881 ss
1530 4845 1587 4882 asse
1604 4826 1693 4882 cordat
1707 4826 1861 4897 phocylides

187 4931 293 4968 amnem
314 4922 453 4982 exsuperat
473 4912 672 4982 probetionem,
690 4913 808 4976 sacnlit,
827 4925 851 4964 et
872 4911 899 4963 in
919 4913 999 4968 dubio
1051 4919 1139 4982 poetar

189 5003 276 5070 potius
295 5017 342 5068 pru
361 4998 531 5050 matrimonio
548 5014 624 5064 quam
645 5013 691 5067 pru
715 5010 806 5066 stupro
826 5001 999 5066 pronuncien-

190 5083 267 5146 elum,
286 5083 303 5134 l.
329 5080 372 5132 ll.
397 5081 423 5132 d.
442 5099 463 5131 r.
483 5079 600 5147 nuptiar.
620 5097 667 5146 pro
684 5081 803 5148 legitime
821 5092 882 5133 nato
900 5081 1001 5136 ridetur
1144 5075 1416 5150 Dissimilesgiguunt
1425 5089 1550 5148 stuprata
1561 5081 1659 5136 eumilo
1673 5093 1761 5138 uetat.

134 5168 171 5222 36
187 5184 245 5219 esse
263 5165 427 5234 repulsuslus.
445 5161 553 5216 Curious
573 5161 616 5212 ltin
636 5180 688 5216 nou
716 5163 803 5215 miuus
819 5180 897 5232 quum
916 5181 1001 5217 ueces-

187 5251 254 5304 suris
274 5248 512 5318 inciditqusestio,
530 5249 687 5317 qnsmstyla
706 5247 913 5316 ingeniosissimi
934 5251 1000 5301 sstls
1086 5243 1126 5297 lte
1151 5243 1232 5297 relert
1259 5243 1374 5298 Alcistus
1392 5247 1424 5298 de
1449 5247 1547 5301 lseobo
1572 5247 1599 5300 2.
1618 5247 1752 5304 Plumbiui
1782 5243 1879 5316 duce,⁸

188 5335 334 5390 bfflmtcj
352 5333 465 5398 omi,
483 5333 633 5403 1,1.0p,tt.
648 5349 828 5402 proponentur,
1049 5343 1126 5395 quem
1147 5331 1319 5383 volaterranus
1337 5330 1458 5396 populini
1479 5334 1508 5382 in
1528 5332 1648 5385 Hetrusiu
1666 5334 1757 5387 ducem
1777 5336 1867 5402 appel·

224 5417 289 5473 Cum
309 5419 414 5489 proprie
433 5414 589 5486 imprudens
608 5418 702 5483 conjux
721 5430 800 5468 asore
818 5414 913 5482 coivit,
1050 5412 1099 5474 lal,
1118 5411 1289 5464 corieubinssn
1309 5429 1366 5464 cum
1388 5428 1421 5465 es
1445 5429 1472 5464 se
1489 5413 1622 5479 gravidum
1650 5425 1769 5482 putaret,
1789 5419 1865 5470 illuns

280 5505 364 5574 Quam
384 5500 449 5556 lslso
468 5501 577 5555 ulterius
595 5499 710 5552 eredidit
729 5516 786 5551 esse
807 5499 867 5554 riri.
1050 5494 1081 5546 sd
1097 5495 1223 5564 baptisma
1237 5494 1361 5546 nescituri
1382 5497 1456 5563 pueri
1468 5495 1612 5548 sieiusrusu
1632 5499 1767 5565 regiuuusu
1788 5500 1867 5566 prin·

225 5591 282 5644 Hoc
298 5589 416 5659 genitum
436 5588 506 5640 coitu
525 5585 635 5638 consulti
654 5583 725 5650 juris
739 5592 767 5635 et
783 5586 876 5652 sequi,
1052 5581 1125 5647 cipes
1138 5589 1163 5630 et
1182 5581 1318 5631 ciritrtusn
1337 5577 1435 5646 legatus
1452 5595 1617 5642 convocasse,
1630 5581 1674 5632 ubi
1690 5581 1794 5634 senilem
1808 5597 1869 5647 par·

280 5675 406 5743 legitime
426 5683 514 5726 nutum
534 5671 641 5741 dicitis,
658 5687 725 5726 eune
744 5668 877 5724 uallium?
1053 5678 1092 5723 tus
1111 5665 1184 5735 nigre
1210 5661 1265 5718 luce
1283 5663 1371 5718 editus
1390 5661 1527 5733 prodibit,
1546 5679 1626 5735 euque
1646 5663 1761 5736 ueihiupi
1785 5685 1862 5736 quum

209 5759 309 5831 Strykii
327 5757 386 5811 Vol.
399 5756 449 5809 xt.
1480 5745 1515 5799 tt
