4440 6166
408 227 466 278 nst
947 214 1138 274 ntsrtJTtT.
1157 214 1256 274 XXlli.
1274 215 1393 274 esent*
1414 217 1449 274 li.
1947 211 2001 268 'm

358 325 433 388 tent',
451 317 496 373 sed
517 317 591 370 illum
611 314 760 384 integrum,
782 311 863 368 etittn
881 311 926 382 qui
946 327 979 366 es
997 313 1178 383 praestationi·
1228 323 1384 370 tracturum
1404 313 1522 370 libertsti
1543 310 1744 374 maenientius
1768 327 1829 369 esse
1853 307 1976 376 mestit,
1988 327 2049 368 ears

355 404 406 458 bus
418 401 625 474 praecedentium
640 414 770 452 annorum
786 406 902 462 restaret,
916 414 975 452 etse
987 398 1179 468 pensitaudnms
1227 401 1354 471 praelatis
1370 399 1512 454 comitibus
1530 409 1556 452 et
1582 397 1717 452 uebiiilrut
1741 397 1798 471 suis
1824 395 1854 449 lu
1879 392 2054 450 eunrsutiltnt

307 478 446 544 iliserum
466 505 498 538 an
529 483 640 552 singulis
666 481 770 536 urbium
798 482 868 536 curis
894 481 1020 536 debeatur
1045 495 1179 553 separatas
1228 484 1342 556 puhlicis
1361 501 1393 539 eo
1411 483 1519 538 nomine
1538 483 1670 538 institutis
1688 481 1825 553 principes
1839 487 1866 534 at
1878 486 1965 531 status
1978 492 2055 548 saper

357 589 467 634 census,
486 569 562 637 strigo
584 565 735 620 lt‘atleiteusr
751 564 865 629 Scitors,
889 575 916 620 et
941 567 1010 636 quod
1034 567 1180 624 rtosuiuete·
1229 567 1308 622 relsus
1324 569 1487 622 territorium
1508 568 1597 639 ipsura
1615 576 1642 620 st
1659 576 1755 620 statum
1783 562 1922 634 publicata
1948 577 2051 616 mnar-

354 672 404 710 nns
422 655 537 708 orltedae
562 651 625 704 inde
644 649 814 720 praestandae
832 651 905 711 sint,
929 665 1012 707 sentus
1037 650 1096 706 lieri
1123 671 1177 708 uun
1228 653 1354 706 aestibus
1372 652 1535 718 deliberare,
1563 652 1596 705 ad
1615 660 1712 704 statem
1732 648 1806 719 reflui
1826 643 1944 701 enudat
1964 655 1990 698 et
2015 661 2053 699 se·

302 727 337 781 5⁸
357 737 467 808 potuita
488 753 576 789 rerum
597 733 789 788 marchiuarnns
808 734 902 805 peritis
914 736 1003 805 potins
1013 737 1105 805 didici,
1119 757 1178 807 pao·
1226 738 1363 806 quentinsn
1384 755 1513 792 annorum
1533 735 1614 790 dubie
1633 735 1722 806 penem
1741 731 1863 802 respicit·
1879 729 1971 782 Prin·
1984 728 2054 782 nni·

354 838 398 876 eas
416 819 444 872 iu
462 819 582 872 Marchia
601 817 657 871 dari
677 817 769 890 urbes,
789 819 828 874 rel
841 818 955 890 oppida,
968 821 1014 874 ubi
1028 822 1178 892 probabilia
1227 819 1421 876 Germanorum
1442 820 1514 893 piahs
1531 839 1633 891 quoque
1651 818 1822 872 eumitiurum
1843 813 1980 887 particeps
1992 823 2056 879 erat,

354 911 448 962 saltem
466 905 575 976 uestigia
596 913 702 970 estest,
729 903 797 976 quod
825 906 865 959 sei
884 905 1025 976 peculiaris
1043 905 1176 962 curiarum
1229 919 1277 957 nec
1296 904 1324 958 in
1344 903 1462 960 lraneico
1487 922 1565 974 regne
1584 903 1699 974 primum
1718 901 1914 955 excludebatur
1932 897 2055 968 penitus,

354 1007 461 1053 census,
480 990 554 1056 vulgo
574 989 732 1044 llutltlmuts
750 987 847 1042 scitust
856 1025 864 1052 ,
884 983 925 1042 'sit
941 989 1114 1053 constitutos,
1139 988 1178 1041 rei
1228 989 1266 1042 nti
1285 1007 1317 1043 er
1337 991 1484 1043 liinernrro
1509 1000 1534 1042 et
1560 989 1621 1043 eliis
1649 987 1676 1039 tt
1702 987 1795 1056 probat
1819 984 1869 1038 dn.
1896 981 2057 1053 Conrinpius

354 1069 1177 1140 legeautjurcfirmatacousuetudinrintroductus,teletism
1227 1072 1337 1127 emeruit.
1355 1072 1389 1128 de
1406 1073 1456 1128 eiu.
1478 1075 1567 1127 Germ.
1587 1075 1624 1126 sti.
1642 1073 1686 1125 82.
1706 1081 1820 1141 atsrpp.
1849 1070 1914 1122 Post
1940 1085 2000 1120 cum
2025 1064 2055 1118 ad

354 1155 469 1209 nrbariis
487 1168 527 1209 aut
546 1155 662 1224 antiquis
677 1155 806 1224 registris,
832 1157 1036 1212 saltationariis
1050 1158 1176 1212 intertum
1229 1155 1363 1226 festigium
1382 1158 1540 1212 Francorum
1561 1175 1669 1228 reguum
1685 1153 1903 1226 perrauisset,ad
1916 1151 2058 1219 sobspro·

357 1240 401 1302 sit,
418 1239 541 1296 orbedam
562 1255 606 1291 sen
627 1238 670 1292 die
687 1239 801 1303 orbede,
822 1257 854 1294 es
874 1241 923 1294 bue
941 1258 1019 1296 swan
1043 1258 1101 1294 esse
1118 1260 1181 1311 pets·
1233 1260 1307 1298 reret
1325 1244 1494 1298 comitiorum
1515 1261 1615 1296 acrama
1636 1244 1717 1295 relata
1737 1240 1797 1306 init,
1817 1249 1847 1292 et
1867 1239 1909 1291 aie
1927 1235 2058 1290 enutiaur·

304 1310 340 1364 59
358 1322 500 1376 sitandam.
520 1323 564 1374 lat
585 1321 623 1374 nti
644 1323 710 1374 nulli
731 1324 838 1392 privato,
857 1323 893 1376 ita
905 1325 993 1380 miuus
1011 1324 1069 1378 urbi
1083 1327 1120 1379 tel
1136 1345 1180 1390 op·
1229 1326 1268 1379 sit
1287 1326 1318 1381 ad
1340 1327 1408 1380 hune
1427 1345 1508 1397 usque
1527 1327 1608 1380 diem.
1626 1327 1691 1380 cua
1710 1335 1796 1380 autent
1815 1322 1957 1391 digresses
1969 1320 2056 1388 paula-
2072 1293 2103 1346 ω

357 1403 422 1476 pido
439 1405 553 1472 cuipiam
575 1403 618 1454 ltic
636 1405 841 1458 controversiam
862 1423 940 1474 anper
954 1418 1053 1462 asserto
1065 1407 1177 1476 quodam
1229 1411 1286 1463 lum
1310 1413 1373 1474 sint,
1391 1412 1424 1463 stl
1443 1411 1610 1480 propositum
1628 1421 1655 1462 ut
1675 1418 1804 1466 sesertar.
1825 1422 1910 1476 snpra
1929 1413 2057 1456 auertunt

358 1505 459 1550 moveo,
477 1488 521 1541 setl
542 1489 603 1538 dum
618 1489 700 1542 solius
711 1490 827 1542 veritatis
847 1491 1010 1562 int-gandae
1023 1491 1110 1545 studio
1123 1493 1181 1562 ipse
1230 1491 1313 1546 luisse
1330 1493 1459 1556 memini,
1477 1511 1535 1546 enm
1562 1494 1640 1548 nrbes
1657 1491 1735 1546 eundi
1754 1501 1781 1544 et
1802 1490 1857 1543 sici
1885 1503 1936 1558 per
1960 1486 2059 1540 limites

359 1572 503 1636 Marchita,
528 1574 573 1641 qni
592 1589 669 1638 sura,
688 1573 751 1627 htec
768 1575 965 1645 qualiacumque
984 1593 1118 1645 suppono,
1144 1593 1183 1628 re·
1231 1593 1289 1630 snos
1307 1577 1424 1628 curatius
1442 1576 1570 1646 distingui
1588 1577 1734 1645 coeperint,
1748 1593 1798 1628 nou
1812 1573 1923 1628 uiritim
1943 1571 2056 1640 amplius

305 1649 341 1701 60
359 1655 431 1708 niam
452 1657 585 1720 merebor,
605 1657 629 1708 si
649 1657 767 1712 modeste
779 1659 876 1712 elirulsi
890 1659 1048 1712 dissensero.
1062 1659 1095 1711 Et
1108 1661 1180 1725 ltine,
1231 1663 1300 1715 itane
1318 1661 1522 1731 {ventilationem
1542 1663 1694 1732 preestitsm
1714 1677 1780 1722 esse,
1798 1659 1846 1710 sed
1867 1657 1897 1710 iu
1924 1655 2056 1726 plerisque

356 1759 406 1811 qua
425 1741 579 1794 doctrinalis
598 1742 777 1812 interpretatio
791 1741 823 1794 de
837 1744 988 1814 principum
1008 1746 1142 1814 rescriptis
1157 1757 1184 1800 et
1230 1745 1294 1798 locis
1313 1744 1340 1796 in
1357 1745 1660 1812 patrimoniaeurisrum
1673 1755 1699 1798 et
1712 1744 1916 1812 magistsrtnnm
1932 1739 2058 1792 hunnntts

359 1823 494 1894 responsis
515 1825 644 1891 judicium
666 1824 736 1880 serre
754 1826 818 1878 sinit
838 1827 1182 1901 justa1.l3-ffdeouig.
1230 1829 1397 1892 desolaturus
1415 1848 1466 1900 quo
1486 1823 1605 1900 tempore
1621 1841 1647 1883 et
1664 1848 1713 1901 qua
1731 1828 1874 1882 occasione
1887 1823 1918 1878 id
1938 1823 2054 1891 eontige-

359 1915 385 1959 et
402 1909 582 1978 prepedierit.
601 1919 716 1973 autumo,
737 1911 936 1964 serenissimum
951 1929 1004 1964 nou
1018 1912 1067 1964 slis
1083 1913 1183 1965 ratione
1232 1913 1268 1968 rit
1286 1913 1409 1974 circiter,
1427 1925 1453 1968 et
1471 1915 1574 1984 quando
1592 1913 1693 1967 nubiles
1710 1927 1855 1980 meumque
1874 1906 1936 1978 pagi
1955 1905 1992 1958 rb
2009 1907 2056 1959 isle

357 1991 564 2044 clementissime
582 1993 611 2044 in
628 1993 698 2048 dicte
718 1993 892 2048 declaratione
910 1995 1183 2050 uoluntatissuaeso·
1233 1996 1365 2050 immunes
1384 1995 1442 2049 steti
1461 1998 1530 2060 siut,
1558 1996 1745 2064 inquirentium
1766 2005 1857 2048 restet.
1877 1991 1951 2045 Aeto
1968 1988 2049 2043 sunit
2074 1974 2106 2030 ’ω

355 2073 445 2133 luisse,
464 2091 495 2124 er
517 2075 560 2126 tali
580 2091 658 2128 censu
679 2076 858 2146 praestandam
878 2093 935 2130 esse
954 2075 1181 2148 utlaedsm,quam
1233 2095 1256 2130 e.
1275 2078 1384 2146 Traiani
1402 2078 1549 2133 Germanos
1567 2081 1646 2134 urbes
1663 2080 1690 2132 lt.
1708 2097 1732 2132 e.
1756 2077 1856 2148 oppidu
1882 2075 1969 2130 muris
1995 2090 2061 2126 moe·

362 2157 407 2208 ubi
427 2159 468 2208 cui
488 2159 577 2211 curiae
595 2161 698 2212 orbium
719 2161 771 2214 sibi
793 2162 869 2214 talem
885 2162 1043 2232 peculiarem
1065 2175 1182 2228 sensnm,
1233 2159 1312 2212 nibus
1330 2163 1370 2214 rel
1389 2160 1468 2214 fossis
1486 2163 1571 2217 einata
1591 2181 1644 2218 non
1670 2163 1803 2216 ltalritasse
1829 2161 1943 2216 Tacitus
1967 2157 2058 2210 doeet.

359 2241 400 2294 vet
419 2241 589 2312 ejuspastem
609 2241 712 2304 deberi,
742 2252 819 2307 etex
847 2261 877 2296 eo
904 2243 1027 2294 orbetlsm
1049 2241 1184 2297 desumeu·
1232 2244 1264 2296 Et
1284 2265 1298 2298 s
1318 2257 1378 2300 usto
1399 2247 1537 2300 Serrstore
1556 2264 1636 2316 nsque
1655 2247 1686 2300 sd
1707 2249 1821 2299 seculum
1834 2247 1972 2314 quintum,
1984 2241 2057 2294 nrltis

361 2323 421 2376 darn
442 2324 534 2376 «locere
554 2323 665 2393 possint.
690 2326 757 2377 ilias
775 2342 806 2376 ex
828 2325 888 2377 aliis
906 2343 994 2378 earum
1015 2328 1183 2396 presentibus
1234 2329 1341 2400 proprie
1361 2331 1446 2384 dictae
1464 2331 1492 2383 in
1513 2330 1654 2384 Germania
1669 2349 1760 2396 suarna
1776 2328 1970 2382 lristnrinnrutn
1985 2343 2060 2378 nrm

308 2409 343 2462 dl
362 2424 419 2460 esse
437 2424 493 2458 eam
515 2407 710 2475 peonitentiam.
729 2410 860 2480 stuprat
882 2411 960 2462 initio
980 2413 1131 2475 reluctatis,
1151 2430 1181 2464 es
1233 2415 1393 2466 mentionem
1407 2413 1480 2471 tacit.
1494 2413 1778 2483 i’tolu'ataeusquidrm
1791 2412 1909 2484 amplius
1922 2411 2059 2479 unneginir
2074 2394 2106 2446 7¹

364 2501 422 2559 post
442 2490 510 2543 lactu
529 2491 693 2544 necessitatis
712 2494 848 2560 effectum,
866 2505 893 2546 ut
913 2495 1185 2564 anegligeutilmsea-
1237 2496 1265 2546 iu
1284 2496 1373 2548 eadem
1395 2496 1504 2572 πολεῳν
1531 2499 1639 2549 numine
1664 2495 1800 2559 meminit,
1826 2495 1875 2549 sed
1898 2511 1930 2547 en
1957 2491 2060 2544 nomint

362 2593 420 2628 rum
442 2577 646 2644 praestationum
667 2594 719 2630 uon
739 2580 826 2632 miuus
847 2579 957 2632 militari
978 2597 1055 2632 manu
1075 2590 1100 2633 et
1124 2580 1186 2633 eliis
1236 2556 1356 2632 enudari
1377 2583 1447 2635 sieut
1465 2581 1627 2634 intellexisse
1646 2579 1804 2634 Herodr'orts'
1821 2575 1979 2630 testimonio
1993 2571 2060 2625 etin·

363 2660 476 2729 receptis
497 2659 622 2712 remediis
641 2665 774 2732 exigatur,
800 2682 876 2734 quem
898 2665 996 2718 tributa
1019 2675 1047 2718 et
1074 2665 1188 2734 pensita·
1236 2662 1270 2714 cit
1289 2661 1335 2714 du.
1354 2661 1479 2733 Conrinp.
1498 2679 1587 2716 erere·
1611 2661 1644 2714 de
1669 2659 1755 2714 urbii.
1778 2660 1873 2712 Gerar.
1891 2659 1931 2711 td.
1951 2655 1994 2706 nt.
2021 2651 2058 2704 lla
2074 2641 2106 2698 'ii

365 2743 452 2794 '3⁰⁰⁸'
470 2745 544 2808 eliae,
564 2744 621 2798 “tid
637 2759 701 2799 αντ*
720 2749 799 2804 et'ner
819 2748 993 2818 Erbietitung
1009 2749 1069 2801 eine
1089 2749 1189 2802 Geiiet·
1237 2764 1267 2800 eo
1286 2747 1415 2816 usquead
1435 2765 1533 2808 ponam
1554 2746 1667 2796 seusium
1686 2759 1782 2810 psuere
1805 2752 1945 2794 extructae
1970 2755 2059 2790 memo·

368 2828 528 2898 dung-oder
552 2828 648 2881 Geiott
666 2831 806 2898 geworderr
826 2831 869 2884 ire.
888 2833 1045 2885 Wesenbee.
1057 2849 1132 2886 caut.
1146 2833 1188 2885 ili.
1239 2831 1293 2887 riae
1311 2829 1431 2896 proditae
1450 2840 1517 2882 sunt.
1536 2826 1603 2880 Nam
1623 2829 1650 2879 iu
1673 2836 1761 2884 tractu.
1781 2825 1828 2894 qui
1844 2824 1979 2884 Danubio,
1992 2821 2060 2873 nta-

313 2912 352 2968 ΟΞ
369 2929 396 2962 ts.
418 2914 462 2962 ll.
484 2911 605 2963 Attamen
626 2910 687 2964 licet
705 2913 754 2966 ison
772 2913 909 2982 pensionis
922 2931 1003 2981 genus
1016 2914 1060 2968 dis
1080 2915 1188 2981 ordede,
1239 2930 1282 2975 uu,
1300 2915 1453 2976 mouentes,
1473 2923 1497 2966 et
1516 2911 1676 2980 Thuringies
1689 2911 1756 2978 tyltr
1771 2925 1854 2978 ntqtte
1873 2907 1906 2959 nd
1923 2905 2059 2960 sueoniam

370 2996 398 3046 in
420 2997 526 3047 morium
546 2993 635 3048 tributi
654 2994 784 3047 ordinarii
805 2995 901 3048 sitierit
922 2997 949 3048 in
964 2997 1029 3050 risis
1042 2997 1189 3050 sturbibus
1238 3011 1279 3048 aut
1296 2985 1495 3066 Wcatplttlia‘m
1511 2993 1647 3058 delinitur,
1660 2994 1731 3045 nulla
1751 2992 1812 3044 orbs
1833 3000 1940 3060 praeter
1955 2991 2061 3043 thtts·

367 3078 535 3139 Germaniae,
553 3078 632 3129 aetutt
653 3093 729 3144 supra
748 3079 899 3142 adductum,
914 3079 1090 3132 nihilominus
1102 3089 1189 3134 tamen
1240 3082 1349 3150 burgum
1364 3081 1485 3144 refertur,
1504 3079 1536 3131 de
1553 3097 1603 3149 qus
1623 3087 1709 3130 tamen
1723 3091 1768 3128 uec
1781 3076 1864 3126 etism
1879 3071 1994 3124 dilucide
2005 3085 2058 3122 eon·

368 3161 398 3214 iu
419 3159 562 3213 territoriis
581 3171 607 3212 et
628 3159 789 3220 ciuitatibus,
808 3178 852 3213 seu
873 3161 1191 3230 prusioeiisGermsnire
1242 3176 1307 3228 stat,
1326 3183 1357 3218 so
1377 3165 1484 3236 proprie
1502 3163 1565 3216 urbs
1587 3179 1618 3213 tn
1646 3161 1718 3214 ricus
1746 3168 1844 3211 tautum
1871 3135 2103 3224 tautettrbtsli

368 3248 471 3314 species
490 3244 588 3297 similis
607 3245 693 3313 aliqua
713 3262 759 3296 usu
783 3245 915 3307 innotuit,
937 3245 1006 3316 quod
1034 3246 1133 3300 subditi
1162 3247 1190 3300 in
1241 3248 1358 3302 munitae
1377 3247 1541 3314 Saltedittpae
1560 3245 1591 3298 sd
1610 3245 1784 3306 linstrntttm,
1804 3253 1830 3295 et
1852 3243 1880 3294 in
1901 3239 2004 3302 Frisis,
2027 3235 2059 3290 ati

369 3329 516 3383 subsidium
538 3329 608 3381 selut
627 3337 722 3397 spottts
740 3336 766 3380 et
784 3327 993 3381 extraordinarie
1014 3330 1191 3401 principibus,
1243 3343 1303 3386 tune
1317 3342 1382 3398 erat,
1400 3333 1499 3402 trajecti
1514 3328 1541 3384 ltt
1557 3329 1665 3394 mentio,
1681 3329 1726 3382 ted
1741 3328 1840 3398 prioris
1856 3325 1983 3379 memoria
1996 3337 2061 3377 noun

368 3423 394 3464 et
414 3413 564 3476 comitibus,
581 3411 799 3474 retractatibus,
817 3423 843 3464 et
863 3414 968 3481 regibus
986 3413 1037 3465 sibi
1054 3416 1191 3482 praelectis
1213 3397 1219 3482 Ι
1242 3416 1297 3472 iere
1314 3415 1414 3480 desiit,
1431 3427 1455 3469 et
1476 3417 1607 3487 posterior
1627 3434 1642 3466 a
1663 3413 1790 3468 lomariis
1812 3411 1864 3466 luit
1884 3419 2015 3465 extructa-¹
2031 3407 2060 3460 ln
2075 3386 2104 3443 Ἠ

370 3497 472 3564 aliquid
492 3505 626 3566 praestare
645 3493 717 3546 soliti
738 3495 802 3556 sint,
822 3503 848 3546 et
861 3511 932 3547 nunu
945 3513 1044 3565 quoque
1059 3508 1191 3564 praestare
1243 3501 1355 3554 Saxonis
1374 3499 1395 3553 Ι.
1412 3519 1434 3553 e.
1453 3499 1480 3551 in
1502 3495 1857 3568 Westplaalia,Tlturingit.
1875 3495 2000 3562 omnique
2013 3498 2061 3542 trs·

318 3587 355 3639 63
373 3581 480 3634 soleant.
499 3576 575 3648 Qstutl
596 3578 667 3630 enim
687 3576 831 3629 Lualuaieus
850 3576 871 3629 l.
891 3577 1012 3630 subditos
1029 3595 1088 3632 suos
1108 3597 1192 3633 mone·
1242 3591 1296 3646 eta,
1314 3583 1360 3653 qui
1378 3582 1499 3636 estinter
1521 3579 1657 3646 Visurgim
1683 3574 1772 3630 ttbtu
1800 3586 1827 3628 et
1851 3576 1941 3629 Salam
1960 3587 2058 3626 amnem

374 3661 426 3724 bat,
446 3662 514 3729 quotl
534 3661 557 3713 si
577 3669 682 3729 propiet·
700 3660 836 3712 lenitatem
856 3668 882 3712 el
902 3661 1129 3714 mansuetudinem
1153 3681 1193 3716 eo·
1245 3676 1306 3718 supp
1326 3682 1373 3717 neo
1395 3672 1467 3717 trans
1481 3660 1568 3714 Albim
1590 3657 1725 3730 probabile
1737 3668 1774 3710 esi
1789 3653 1878 3712 Caroli
1895 3657 1981 3724 megni
2005 3665 2061 3706 lent·

373 3745 450 3796 mitis
469 3743 508 3796 aui
529 3743 636 3796 honoria
654 3756 678 3796 et
694 3743 816 3811 obsequii
835 3745 919 3811 gretia
939 3745 972 3796 de
991 3745 1192 3802 rebussuises·
1245 3765 1307 3818 pore
1327 3749 1442 3800 munitas
1461 3747 1539 3799 urbes
1558 3743 1725 3798 miseellam
1740 3745 1897 3814 Westplrali
1925 3740 2020 3793 duobus
2038 3713 2104 3789 ινπ

372 3826 505 3890 lribereut,
529 3845 580 3880 non
600 3825 650 3880 isoc
667 3827 706 3878 cis
726 3845 773 3895 pro
793 3827 890 3879 tributo
908 3837 933 3878 et
953 3844 1035 3880 neustr
1057 3840 1190 3901 computa·
1244 3833 1358 3885 castellis
1377 3829 1529 3884 defendisse
1546 3831 1685 3896 leguntur,
1703 3827 1850 3897 iircsburgo
1863 3837 1893 3880 et
1907 3825 2059 3894 sigetrurgo,

375 3919 434 3974 tur,
453 3921 497 3965 ant
515 3925 601 3964 nomes
621 3909 665 3962 ille
683 3911 723 3962 sel
744 3926 904 3964 successores
924 3912 951 3963 in
978 3915 1192 3970 cousuetudinem
1242 3931 1307 3984 quas
1325 3915 1480 3986 expugnauit
1498 3913 1668 3977 Carolusrde
1681 3911 1822 3964 aliisuulls
1835 3911 1935 3964 mentio
1950 3907 2059 3976 fluam

374 4003 552 4064 praesumant,
572 3995 611 4048 uti
631 4011 706 4064 supra
726 4011 759 4046 es
777 3993 905 4048 Lehmsn.
922 3993 951 4048 irs
964 3995 1060 4049 cirron.
1072 3999 1136 4065 spir.
1149 3999 1193 4052 tit.
1244 4016 1297 4053 nou
1317 3999 1428 4054 luissent
1448 4015 1494 4068 pra
1515 3996 1599 4061 terite,
1619 3997 1641 4049 si
1661 3995 1819 4052 extitissent:
1838 3995 1903 4048 dnm
1923 4002 2008 4046 catate
2026 4003 2061 4038 tt·

378 4081 404 4131 2.
422 4097 446 4132 o.
465 4081 508 4132 l'l.
526 4079 720 4144 adducebatur,
741 4097 792 4132 uon
810 4080 889 4133 aliern
908 4083 1047 4146 rationem,
1061 4101 1139 4152 qpam
1159 4096 1194 4138 ta·
1248 4083 1282 4136 tis
1302 4082 1420 4152 quesibi
1440 4102 1454 4134 a
1475 4079 1568 4134 Carula
1585 4087 1656 4148 rasta
1677 4089 1754 4142 sunt,
1773 4076 1895 4138 historici
1911 4077 1964 4143 ejus
1977 4064 2060 4124 esitii!

323 4165 357 4219 dl
377 4165 411 4218 lis
429 4166 565 4234 pensionis
584 4164 644 4218 eine
663 4164 836 4234 Erdietirung
859 4164 980 4219 hebebat.
1007 4165 1102 4219 Eadem
1127 4169 1195 4225 ratio
1246 4168 1435 4223 annotateriot.
1456 4166 1506 4220 sat
1525 4165 1573 4218 hoe
1592 4163 1623 4214 de
1641 4161 1794 4220 Germsnia,
1813 4177 1890 4228 quam
1907 4165 1993 4211 tocsnt
2013 4165 2058 4204 mt-
2073 4137 2101 4191 ⁷⁶

374 4248 486 4300 subsidii
506 4246 660 4302 charitatiri
679 4258 735 4310 eat,
756 4250 823 4314 qnod
843 4250 871 4302 in
891 4249 1077 4303 ecclesissticis
1095 4268 1153 4323 urg.
1170 4271 1193 4307 e.
1246 4267 1338 4320 gnam,
1357 4249 1464 4315 obtinet,
1484 4247 1511 4300 iu
1531 4246 1584 4310 ills,
1603 4263 1679 4314 qnam
1699 4245 1891 4298 eis-rheumam
1917 4245 2004 4294 cocant
2019 4249 2058 4286 stt·

376 4332 404 4383 ti·
420 4349 443 4385 c.
458 4331 631 4396 prudilremur
646 4349 678 4384 sc.
696 4331 729 4385 eie
746 4332 873 4386 censibus.
894 4336 1196 4402 receptatur,etuunciu
1248 4345 1351 4399 utores,
1369 4331 1447 4384 nobit
1474 4329 1697 4383 theses-rhentnt
1720 4329 1772 4394 jau
1794 4337 1845 4380 tum
1875 4326 1972 4378 maritae
1989 4316 2059 4370 urbst

325 4414 360 4468 dle
378 4414 537 4468 secularibus
556 4433 570 4467 s
590 4413 760 4484 principibus
770 4414 928 4487 quibusdam
942 4435 990 4471 usn
1003 4431 1126 4474 sensatur.
1139 4421 1196 4474 imo
1249 4416 1354 4470 inerunt
1373 4431 1439 4486 pene
1457 4413 1554 4484 ploret.
1571 4423 1596 4464 οἱ
1615 4409 1710 4465 Vettnli
1729 4427 1830 4480 qnoque
1844 4412 1896 4476 jttu
1911 4404 1994 4462 Garuli
2008 4416 2055 4452 mt-

378 4499 481 4566 quando
501 4499 579 4550 lsodie
598 4500 732 4569 principes
751 4513 780 4550 sc
806 4508 888 4550 status
915 4499 1020 4570 imperii
1043 4520 1057 4553 s
1083 4503 1197 4558 subditis
1246 4500 1290 4570 gni
1310 4501 1397 4552 aetsle
1415 4500 1502 4567 piures
1521 4497 1598 4547 atritas
1613 4493 1752 4546 instructas
1767 4489 1989 4562 possedonium
2001 4482 2052 4554 qui·

379 4584 435 4636 suis
453 4581 570 4636 snbsidis
587 4583 713 4651 qnaeslrm
733 4581 942 4636 extraordinaria
961 4586 1100 4652 postulant,
1118 4603 1148 4638 ac
1165 4603 1198 4640 ex
1249 4585 1297 4636 bus
1317 4583 1435 4636 rideatur
1453 4579 1499 4632 du.
1518 4577 1680 4647 Conriogius
1698 4577 1724 4628 d.
1742 4576 1759 4628 l.
1778 4576 1811 4629 dr
1824 4578 1908 4631 tritt.
1924 4577 2009 4627 Geret-
2021 4565 2052 4618 ld·

259 4666 263 4675 '
376 4683 450 4721 mose
467 4671 652 4739 plerarumque
672 4666 864 4720 territoriorum
884 4677 908 4719 et
928 4670 1063 4736 regionum
1091 4671 1199 4726 Germa·
1249 4667 1294 4719 29.
1312 4676 1339 4720 et
1355 4683 1425 4736 seqq.
1446 4663 1475 4718 Si
1495 4665 1582 4732 itaque
1601 4663 1629 4714 iu
1648 4663 1695 4714 isac
1713 4661 1872 4712 Germaniae
1894 4651 2053 4731 perantiqui·
2069 4633 2096 4688 π

379 4753 449 4816 niue,
468 4769 521 4804 non
539 4768 571 4803 es
591 4749 703 4804 arbitrio
721 4751 810 4802 statim
832 4751 989 4818 imponunt,
1008 4751 1047 4805 rei
1064 4752 1097 4805 ab
1109 4754 1200 4806 inritis
1250 4750 1299 4803 laus
1319 4749 1428 4804 urbibus
1447 4747 1581 4816 antiquior
1600 4744 1723 4797 memoria
1743 4744 1781 4797 rel
1801 4742 1937 4814 priuilegis
1951 4734 2055 4808 ejusdem

382 4838 500 4903 erigunt,
518 4838 564 4887 tad
585 4852 613 4887 re
630 4833 820 4885 communicata
838 4851 896 4886 cum
916 4833 1027 4887 statibus
1052 4837 1199 4906 pruvincia·
1251 4837 1331 4889 etiarn
1351 4855 1365 4889 a
1386 4835 1479 4888 Carula
1498 4847 1593 4896 maeno
1612 4829 1708 4882 tributa
1726 4832 1903 4898 assignantur,
1921 4840 2003 4880 aarum
2019 4834 2055 4870 ⁸³·

380 4921 472 4983 libus,
491 4918 634 4987 praesentis
653 4916 819 4969 necessitatis
846 4927 979 4985 urgentem
1007 4917 1136 4972 rationem
1167 4920 1201 4974 ob
1252 4921 1333 4974 aestio
1352 4921 1391 4973 tel
1412 4927 1502 4989 aperte
1520 4913 1645 4968 ltlsitstis
1663 4931 1705 4966 res
1728 4915 1856 4984 seipsam
1878 4898 2055 4984 ρνονῙίΙιΨ1οᾶ

382 5001 470 5054 oculus
488 5010 597 5072 ponunt,
617 4999 659 5050 itti
679 5014 741 5050 sero
760 4999 961 5067 praestationem
981 5000 1052 5052 casui
1072 4999 1203 5054 sulfirien·
1254 5005 1343 5057 nullus
1362 5001 1417 5056 lule
1435 5003 1529 5070 dignus
1547 4997 1691 5051 historicus
1709 4998 1764 5063 ejus
1784 4997 1941 5050 mentionem
1960 4985 2054 5046 taurin

382 5079 585 5143 temoilerunt,
612 5079 640 5132 io
659 5079 792 5131 libertatis
810 5081 1019 5148 germanicorum
1047 5085 1202 5154 populorum
1254 5089 1293 5140 cel
1313 5105 1374 5143 tane
1392 5087 1415 5142 ti
1434 5086 1493 5157 quia
1512 5099 1600 5137 eorum
1620 5083 1780 5150 meminerit,
1799 5094 1929 5136 rectorem
1947 5093 1993 5132 oon
2010 5073 2055 5123 ltu¹

384 5167 540 5220 memoriam
563 5175 589 5219 et
606 5165 756 5232 exemplum
777 5176 828 5216 est.
852 5167 902 5219 lin.
928 5167 1056 5240 ltttdolph.
1078 5171 1153 5240 Euge
1175 5170 1203 5222 r‘tt
1256 5171 1309 5235 dat,
1327 5172 1395 5225 unde
1414 5187 1441 5224 er
1462 5169 1621 5237 sumpserit,
1639 5175 1666 5220 et
1684 5167 1723 5219 sic
1743 5167 1894 5236 suspicione
1912 5181 1960 5218 uon
1977 5160 2051 5214 rectit

384 5261 493 5304 tractat.
514 5249 547 5302 de
563 5259 635 5302 statu
653 5247 758 5315 region.
781 5251 873 5303 Germ.
890 5268 911 5304 e.
931 5252 956 5304 i.
971 5253 1068 5307 illustr.
1079 5253 1150 5308 dma
1164 5255 1208 5310 Se
1256 5253 1473 5323 quemadmodum
1491 5261 1586 5306 cuncta
1604 5268 1672 5320 quae
1690 5250 1813 5319 auspiciis
1833 5261 1968 5304 statuarum
1981 5239 2053 5294 mian·

385 5331 526 5389 atantortt
541 5335 570 5386 r'rr
589 5333 724 5384 teutschen
745 5333 994 5399 Flumen-Stauris.
1011 5338 1036 5389 2.
1055 5355 1078 5389 c.
1097 5338 1120 5390 i.
1139 5341 1207 5391 me.
1256 5334 1377 5390 diuarum
1396 5346 1480 5390 aetate
1505 5331 1592 5390 Caroli
1619 5336 1706 5402 marni
1735 5335 1879 5405 positarum
1907 5331 2053 5388 srirtttnlll'r

384 5417 426 5470 Et
442 5417 472 5468 ira
490 5415 623 5470 additum.
639 5434 666 5488 p.
685 5415 730 5467 24.
747 5417 819 5472 cirea
833 5416 927 5484 finem.
957 5421 1106 5475 Glrt'clrmoi
1127 5420 1210 5476 sciari-
1256 5415 1320 5470 titet
1340 5421 1459 5474 sincerae
1477 5437 1529 5474 non
1548 5429 1617 5472 sunt.
1636 5417 1682 5470 tm
1702 5417 1821 5486 pturttma
1838 5435 1869 5472 ae
1889 5415 1963 5469 estiis
1979 5413 2049 5459 auti&
2065 5393 2094 5449 ⁷3

385 5511 432 5554 stet
451 5499 499 5554 der
516 5502 600 5554 Alter
619 5504 672 5554 Art
685 5499 897 5574 auserusreyeu
916 5504 1071 5573 Vorscirrers
1086 5503 1129 5558 die
1140 5517 1209 5561 erste
1256 5503 1330 5554 ribus
1348 5505 1452 5573 probat.
1469 5507 1529 5557 iola.
1547 5503 1650 5573 Grpph.
1676 5501 1710 5554 de
1734 5501 1839 5556 Calore.
1870 5483 2010 5554 Wet'citiild.
2034 5496 2051 5532 θ·

339 5579 376 5645 'dd
395 5587 643 5658 Regimeptshm
660 5585 786 5656 gestisset
801 5596 850 5642 etc.
870 5587 991 5642 Attamen
1009 5588 1112 5660 quando
1125 5589 1148 5644 is
1165 5607 1207 5644 an·
1258 5587 1302 5644 dl.
1319 5607 1370 5662 per
1386 5589 1483 5663 integr.
1508 5591 1539 5644 Et
1558 5587 1661 5661 quaudo
1684 5585 1842 5643 asseruimus
1866 5582 1973 5640 arbeita
1990 5581 2052 5646 pret·
