4440 6166
256 245 316 298 mo
706 235 755 290 nr
773 233 836 301 ns,
856 233 989 306 oureus
1009 233 1098 288 onor
1119 219 1293 290 onerent
1308 245 1370 286 ne
1771 215 1827 283 eto'

195 355 275 410 regne
293 357 345 392 nou
359 335 475 403 ejusdem
493 332 593 404 rigoris
611 329 687 396 sont,
701 337 745 385 eet
760 351 822 386 num
843 332 906 386 inde
925 331 1012 384 minus
1065 342 1124 386 sete
1142 331 1255 383 edducte
1270 347 1321 382 non
1342 325 1591 399 proeconsuletioois
1605 323 1714 394 elicitios
1727 328 1759 382 de
1772 326 1888 400 negotiis

194 441 273 491 regns
290 434 475 490 quemceetcre
496 421 562 472 iuter
581 419 700 488 Europae
717 426 856 486 potestetee
875 418 1012 480 dicentur,
1066 417 1093 467 in
1113 415 1229 468 comitiis
1253 412 1446 466 uniuersalibus
1465 413 1568 481 plenius
1592 413 1769 482 expediendis
1790 413 1886 468 memi-

145 516 161 570 ζ·
194 508 258 559 lieet
276 507 327 558 elic
348 505 401 556 illis
420 505 474 554 sint
491 503 619 571 empliore
638 514 663 554 ct
679 499 831 570 opimiore?
847 502 911 553 Sunt
931 499 1014 553 dubio
1068 509 1177 562 nerunt,
1198 499 1242 550 sed
1260 499 1328 566 qnod
1347 513 1441 550 cseser
1453 515 1484 548 ex
1504 496 1614 549 consilio
1631 515 1731 559 eorum,
1749 501 1787 549 uti
1805 498 1885 550 cleris

195 593 285 660 procul
304 591 432 640 electores
452 586 607 653 potissimae
631 587 783 646 columneo,
803 585 899 652 quibus
917 595 970 636 stet
986 594 1018 637 et·
1067 585 1153 636 serbis
1172 583 1273 635 ibidem
1298 583 1428 646 refertur,
1448 585 1606 633 etetneritet
1627 583 1747 636 etntutun'r
1768 583 1883 650 promul·
1975 631 1980 642 ,

143 674 179 724 tlt
197 683 363 727 conservetur
381 673 535 738 rutpertum.
553 670 619 722 Nem
638 687 715 724 eures
736 671 806 722 belle
827 674 877 736 jem
898 681 951 722 tom
971 687 1014 723 eos
1066 669 1173 736 guerit.
1193 669 1213 718 Α
1233 681 1349 734 tempore
1370 663 1501 732 liudolpbi
1523 667 1556 717 ll.
1570 669 1682 718 eeeseris
1698 666 1803 735 quidem
1824 665 1885 718 reli·
1901 646 1936 700 Ἠ

193 757 383 826 propinquiore
403 754 505 806 romoni
524 755 631 824 imperii
653 757 769 807 membre
788 755 892 823 eguerit
911 771 970 822 ccp.
989 755 1013 808 2.
1066 755 1113 821 qui
1134 762 1216 804 stetus
1233 753 1291 818 jure
1304 751 1443 820 queedem,
1455 769 1519 820 qnec
1537 751 1737 820 cepitnletiooes
1754 768 1885 805 oeesereec

195 840 256 910 5rli.
277 853 300 890 et
320 838 390 906 qumi
408 855 457 905 per
475 855 520 890 ees
537 839 604 892 reiut
622 851 723 908 septem
743 839 896 892 cendelebre
916 841 1013 892 illumi·
1066 835 1163 904 prolis
1182 835 1293 896 hebent,
1309 833 1461 886 indubium
1482 847 1588 899 recent,
1602 835 1646 886 sed
1663 835 1724 886 inde
1740 851 1787 887 uec
1798 837 1883 903 tetus,

195 933 274 973 netur
293 922 437 988 imperium
464 923 587 974 esseruit.
608 923 640 974 In
659 923 838 994 copilnltrte'ou
863 941 966 977 onerer.
989 935 1015 978 et
1069 936 1116 970 nec
1134 919 1253 988 poliilcttt
1272 935 1363 971 eorum
1382 917 1507 988 qoeedem
1529 919 1593 988 ipsis
1613 917 1691 970 bodie
1709 919 1885 990 non'coeupe·

194 1005 279 1056 edbnc
296 1005 439 1072 enpttntnr.
454 1005 568 1075 leopold.
588 1017 641 1058 ert.
657 1009 682 1058 9.
693 1019 719 1059 et
732 1007 775 1058 ib.
794 1008 838 1058 cir'e
849 1004 1014 1072 Fodereten,
1070 1012 1134 1064 irre.
1156 1003 1194 1054 tel
1212 1003 1317 1070 opintri
1337 1004 1378 1054 vel
1396 1018 1510 1055 esserere
1528 1001 1644 1055 audebit.
1658 1001 1759 1053 Prieeto
1778 1002 1842 1052 nulli
1856 1002 1885 1054 in

194 1086 327 1148 inruente,
355 1088 480 1150 (illuder,
506 1090 573 1142 oder
604 1093 701 1154 Haupt
715 1093 817 1145 Seulen
843 1093 890 1145 tier
918 1093 1016 1146 Reicies
1069 1103 1176 1140 romeno
1193 1089 1251 1154 jure
1269 1087 1509 1156 injungitur,iude
1528 1083 1596 1136 uude
1614 1083 1714 1150 juribus
1731 1085 1886 1152 cedere,d'c

194 1172 376 1241 eppellentur,
396 1185 577 1242 supro-metum
598 1188 683 1230 temen
703 1190 805 1248 preeree
825 1178 1016 1246 superinduit,
1069 1190 1121 1241 quo
1139 1175 1309 1224 controversie
1329 1174 1380 1239 ipsi
1402 1182 1470 1222 rnote
1490 1169 1541 1230 sit,
1560 1169 1582 1218 si
1603 1167 1733 1220 sententie
1752 1173 1843 1220 contre
1862 1167 1887 1217 i·

141 1249 177 1300 Π
197 1273 274 1311 netem
294 1258 346 1310 eibi
366 1275 480 1324 nomen,
498 1259 567 1328 quod
589 1260 777 1324 meminimus,
795 1262 945 1314 sindiceeit.
957 1262 1017 1318 Non
1070 1272 1144 1326 psum
1164 1255 1235 1308 eliud
1260 1271 1312 1306 non
1339 1253 1557 1326 pronuncieeerit.
1582 1249 1635 1302 Cur
1660 1249 1838 1320 principibus,
1862 1257 1891 1304 el

13 1371 15 1374 ·
194 1336 263 1405 fugit
281 1340 435 1408 quidem,e
456 1343 567 1394 stricte
586 1344 645 1409 jure
662 1343 768 1411 publico
788 1345 1018 1408 serenissimis„
1072 1341 1178 1409 quidem
1199 1341 1226 1393 in
1246 1342 1359 1410 imperio
1379 1340 1489 1408 primis,
1510 1335 1571 1387 inde
1588 1339 1646 1404 jure
1666 1353 1717 1387 non
1737 1340 1889 1402 competere

13 1376 20 1534 5
152 1441 161 1489 ξ
194 1425 306 1474 cacteris
326 1425 431 1492 imperii
453 1428 624 1495 principibus
643 1443 695 1480 nou
715 1425 826 1480 differre
844 1431 1020 1499 eos,pnblicc
1072 1427 1132 1494 quis
1151 1436 1290 1488 statueret,
1308 1444 1321 1477 e
1340 1423 1497 1494 quibusdem
1526 1423 1553 1474 bn
1579 1421 1688 1474 dubim
1709 1429 1814 1482 'wite
1832 1421 1889 1484 lm

195 1523 252 1557 esse
272 1519 417 1568 resectum
432 1511 515 1577 retegis
533 1511 561 1559 in
580 1521 689 1562 externe
710 1527 802 1580 pompe
821 1527 896 1580 quern
917 1513 1019 1566 inter-n.
1074 1521 1159 1561 temen
1179 1511 1227 1560 lite
1246 1500 1296 1561 neri
1315 1504 1423 1560 decise?
1441 1505 1520 1558 Certe
1538 1506 1657 1574 negotis,
1675 1522 1786 1575 quornm
1805 1505 1885 1558 eures

193 1592 279 1658 edique
298 1595 502 1659 preecrnineutie
521 1595 721 1662 preerognticem
747 1612 835 1648 eorum
857 1596 1014 1660 consistere,
1072 1592 1140 1645 boile
1166 1595 1275 1659 ellepnto
1295 1593 1352 1644 luco
1378 1591 1535 1672 mentionem
1556 1588 1635 1655 iecit,
1653 1607 1707 1642 noo
1735 1587 1836 1640 minore
1854 1585 1891 1640 iis

192 1685 219 1727 et
238 1677 266 1726 io
285 1677 333 1738 iis,
352 1693 417 1745 qoee
435 1678 543 1728 celestem
563 1695 659 1730 comrn.
679 1679 786 1748 imperii
805 1690 1012 1742 concernerent,
1069 1687 1130 1729 steret
1148 1679 1180 1731 dc
1199 1679 1293 1746 quibus
1318 1678 1345 1729 in
1371 1677 1486 1730 comitiis
1506 1677 1618 1746 publicis
1642 1685 1801 1728 stetuuotur
1826 1693 1885 1726 eom

194 1776 257 1830 pree
275 1762 384 1827 reliquis
403 1763 507 1814 eosdem
523 1779 576 1814 non
595 1763 688 1815 utere.
708 1762 755 1815 Ast
774 1779 835 1832 pecc
854 1764 1012 1816 dissentien-
1062 1776 1190 1812 consenso
1208 1761 1344 1825 omnium,
1363 1762 1407 1812 eed
1427 1763 1460 1811 ed
1482 1759 1622 1812 minimum
1643 1759 1724 1829 perio.
1742 1757 1774 1810 Ut
1793 1755 1824 1808 ed
1843 1757 1882 1825 jus
1900 1775 1936 1828 22

196 1847 280 1906 elem,
298 1861 350 1895 non
370 1845 556 1898 inconveniens
574 1847 638 1898 esleo
656 1863 712 1899 esse
730 1862 833 1909 remur,
852 1847 884 1898 eb
904 1847 1009 1916 imperil
1060 1845 1255 1912 ‘opitulationis
1281 1843 1494 1914 praescribendae
1525 1841 1655 1894 ineundee
1680 1859 1737 1893 euro
1759 1839 1886 1904 Cnesere,

197 1928 310 1980 stetiboe
327 1928 439 1996 reliques
456 1946 506 1981 non
526 1929 606 1996 gredo
623 1931 730 1986 sellem.
744 1930 789 1982 sed
807 1929 1010 1998 dignitetequo·
1062 1941 1236 1992 revertemur,
1248 1949 1323 1998 serpe
1340 1931 1449 1998 ellegeto
1466 1939 1517 1981 ort.
1531 1929 1554 1980 8.
1568 1930 1645 1979 lustr.
1656 1943 1713 1996 poc.
1735 1925 1883 1992 arnaburg.

195 2027 246 2079 que
264 2011 323 2062 illos
342 2009 572 2080 slill'errc,putere.
590 2013 696 2066 Gredus
713 2015 828 2083 ipsorum
849 2015 875 2066 io
895 2015 1010 2082 primetu
1060 2016 1082 2072 §-
1102 2013 1127 2062 3.
1145 2013 1245 2064 dicitur
1262 2013 1369 2082 quidem
1389 2051 1395 2073 ,
1418 2014 1444 2064 in
1471 2011 1588 2062 comitiis
1616 2022 1676 2062 tunc
1698 2009 1819 2079 proxime
1842 2008 1889 2058 be·

153 2123 163 2142 r
194 2093 298 2161 collegii
316 2094 456 2156 consistit,
474 2105 499 2146 et
514 2095 632 2163 digniter
649 2113 740 2149 eorum
768 2111 801 2146 ex
819 2097 1010 2148 constitutioni·
1060 2100 1170 2161 iendis,
1189 2114 1257 2148 nnnc
1287 2096 1457 2168 penultimis,
1477 2094 1510 2146 de
1543 2093 1728 2164 capitulatione
1760 2100 1887 2161 perpetue

194 2174 243 2228 bers
255 2175 364 2245 imperii
381 2176 494 2244 publicis
511 2178 603 2230 elucet.
623 2179 808 2248 Precteequem
822 2180 893 2230 enisu
914 2180 941 2230 io
954 2197 1010 2233 eur.
1059 2181 1228 2249 concipiendo
1247 2192 1272 2233 et
1290 2179 1505 2246 deliberandum,
1518 2192 1544 2233 et
1562 2197 1594 2232 ex
1609 2177 1743 2232 communi
1764 2185 1879 2229 statuum

193 2259 219 2310 b.
238 2274 362 2328 expresse
379 2260 524 2327 dignitates
541 2260 636 2314 Cesset·
660 2275 686 2316 et
705 2280 751 2315 res
771 2280 939 2338 romanorum
958 2266 1010 2317 ele·
1060 2282 1187 2318 eorrsensu
1207 2267 1373 2318 statuendum
1393 2280 1463 2328 esse,
1483 2264 1511 2316 in
1531 2281 1612 2333 eoque
1636 2262 1799 2314 consensisse
1835 2255 1890 2310 ele·

192 2353 251 2394 ctus
271 2343 338 2409 ipsis
355 2361 383 2395 se
399 2341 619 2399 confirmaturum
638 2346 752 2417 spondet
773 2365 835 2415 cop.
856 2349 881 2402 2.
899 2347 922 2419 5.
942 2350 966 2404 b.
985 2370 1010 2402 o.
1061 2359 1159 2404 clercs:
1179 2369 1266 2405 verrem
1287 2368 1317 2403 eo
1334 2349 1384 2418 jori
1405 2369 1451 2402 suo
1469 2353 1538 2404 circe
1564 2349 1776 2420 cepituletiouem
1795 2347 1885 2416 legiti-

193 2427 217 2478 b.
234 2428 303 2497 qnod
323 2427 355 2480 de
379 2429 489 2480 certeris
514 2447 566 2481 nen
592 2431 705 2483 hebetur
734 2433 790 2494 ibis
808 2433 835 2484 in
860 2445 913 2486 ert.
929 2435 955 2485 8.
974 2435 1012 2486 in·
1062 2453 1103 2487 me
1122 2437 1248 2506 ecquisito
1274 2453 1325 2487 non
1352 2437 1490 2504 derogetur
1516 2434 1637 2504 penitus,
1668 2432 1778 2485 lurmule
1811 2431 1885 2484 euim

191 2517 284 2565 sinim.
301 2528 361 2580 pec.
382 2513 528 2582 osnebrug·
545 2521 567 2575 ς.
593 2517 621 2565 l.
643 2514 808 2570 Electoribos
835 2521 1010 2586 preerogetlee
1063 2527 1203 2586 perpetuae
1221 2518 1414 2588 copitoletlouis
1432 2533 1552 2587 ee,qnee
1567 2538 1591 2571 e.
1609 2519 1635 2570 b.
1648 2520 1702 2585 jem
1718 2517 1881 2571 electoribus

193 2610 315 2662 expresse
337 2598 488 2660 asseritur,
512 2599 663 2652 rocsbulum
689 2602 788 2670 quippe
815 2601 1013 2672 praerogativis
1067 2601 1180 2666 tribuit,
1199 2613 1227 2654 ut
1245 2618 1333 2653 coesse
1350 2613 1377 2654 et
1397 2619 1441 2654 res
1466 2603 1562 2654 electus
1587 2602 1693 2664 omnis,
1711 2619 1776 2670 queo
1795 2603 1822 2651 in
1840 2616 1884 2670 po-

193 2681 227 2729 ed
246 2679 370 2732 electores
389 2682 533 2750 preccipue
552 2699 604 2734 nou
625 2684 790 2737 incommode
815 2683 938 2737 refertur.
957 2685 1013 2737 lmo
1062 2698 1160 2738 sterom
1180 2705 1281 2756 quoque
1300 2685 1413 2738 babituri
1433 2698 1507 2750 sunt,
1526 2681 1684 2751 confirmet,
1703 2687 1775 2752 inerte
1803 2701 1881 2754 snpre

195 2763 257 2814 dom
283 2764 379 2833 reliqui
405 2765 514 2832 imperii
539 2776 621 2820 stetur
638 2767 776 2822 ete‘etente
800 2769 940 2837 collegium
960 2787 1012 2821 non
1060 2769 1194 2840 ellegerunt
1213 2789 1236 2824 c.
1256 2771 1282 2822 2.
1300 2769 1323 2840 5.
1343 2771 1367 2821 b.
1387 2767 1491 2822 euicere
1512 2769 1612 2840 nequit.
1633 2771 1801 2839 Quapropter
1827 2769 1880 2822 ele·

194 2847 360 2913 negent,eed
381 2847 408 2899 id
426 2851 547 2902 eminens
566 2867 623 2904 esse
642 2850 771 2915 letentur,
785 2867 817 2904 ee
830 2852 938 2920 collegio
949 2869 1013 2921 quo·
1060 2868 1157 2919 oteres,
1176 2855 1239 2906 licet
1265 2852 1378 2907 formem
1402 2867 1537 2924 perpetues
1569 2852 1765 2922 cepituletiuuis
1794 2847 1883 2906 conci·

193 2949 258 3000 que,
278 2931 347 2998 quoti
365 2935 474 2984 coeteris
493 2935 566 3003 ptius
582 2945 640 3001 est,
659 2937 774 3005 dignites
790 2937 900 2990 orenino
918 2939 1013 2988 oritur.
1062 2939 1171 3009 pieudee
1189 2940 1367 2991 concesserint
1385 2938 1515 2998 comitiis,
1535 2939 1575 3004 jus
1593 2937 1624 2988 ed
1643 2935 1800 3008 cepitoiendi
1820 2951 1872 2988 non

196 3013 335 3082 Siquidem
354 3018 533 3084 preerogetiee
552 3019 656 3088 collegii
674 3020 783 3090 repereti
801 3040 815 3074 e
834 3023 958 3084 certeris,
971 3022 1011 3088 iot
1061 3023 1119 3078 eine
1137 3023 1307 3076 lundomento
1325 3021 1444 3075 ridentur
1463 3023 1570 3074 ursiese.
1584 3021 1620 3072 dc
1634 3021 1656 3071 si
1675 3039 1736 3074 sero
1756 3022 1783 3071 in
1802 3021 1874 3074 terri·
1895 3019 1933 3076 2³

194 3109 340 3152 eeueeutus
356 3099 499 3167 singuleris
519 3119 566 3170 pro
586 3105 714 3158 luleitnob
726 3107 826 3174 negotis
845 3105 952 3174 imperii
972 3103 1013 3155 de·
1063 3106 1139 3158 terlio
1157 3107 1210 3157 suis
1232 3107 1301 3159 nibil
1322 3106 1462 3176 peculieris
1481 3122 1543 3174 pree
1570 3104 1683 3157 coeteris
1700 3105 1813 3156 eudone
1831 3106 1882 3157 im·

194 3181 328 3235 tiber-ott
348 3185 418 3250 joele
437 3200 498 3238 eur.
519 3185 541 3237 b.
559 3204 582 3238 c.
603 3189 646 3241 tu.
665 3187 688 3257 5.
707 3189 732 3240 2
749 3199 776 3239 ct
800 3205 869 3240 nuuc
886 3189 1012 3257 quodem·
1060 3193 1126 3262 perii
1147 3191 1291 3252 beleerent,
1307 3191 1376 3262 qnod
1397 3189 1514 3242 nonnulli
1540 3187 1698 3256 opinentur,
1718 3185 1879 3238 iuntiemen·

195 3264 274 3316 modo
292 3265 369 3318 letius
394 3278 547 3320 consuetum
574 3270 615 3336 jos
640 3269 779 3322 eiceristne
805 3273 886 3323 totins
904 3271 1011 3340 imperii
1060 3285 1113 3326 torn
1134 3277 1160 3328 in
1182 3276 1290 3345 imperii
1317 3275 1551 3328 coustitotlonibus
1575 3288 1626 3323 non
1646 3270 1733 3323 bebet.
1752 3267 1828 3324 Licet
1847 3270 1876 3322 in

194 3350 263 3402 solio
282 3363 399 3417 recente,
419 3369 546 3406 cerserem
566 3356 664 3424 eligere
676 3357 733 3423 jure
750 3371 883 3423 suo,cum
905 3357 1013 3409 Gecsere
1059 3359 1175 3412 subditos
1200 3378 1250 3428 que
1277 3359 1339 3411 telee
1366 3375 1417 3409 non
1441 3358 1500 3426 plus
1519 3352 1882 3423 eeleentcecterit,quiejus

194 3435 228 3488 de
246 3435 377 3488 hebeodis
401 3440 539 3502 comitiis,
558 3451 584 3492 et
608 3459 661 3509 quo
685 3441 742 3494 loco
767 3459 794 3494 ee
821 3442 938 3494 babendo
958 3445 1012 3494 sint
1062 3444 1183 3496 territorii
1204 3453 1255 3496 tem
1276 3443 1303 3494 iu
1322 3437 1782 3510 ecclesiasticis,qnempoliticisin
1801 3441 1883 3496 rieetr.

196 3525 317 3571 eleloere.
337 3520 466 3572 ttenereet
487 3535 576 3574 mente
595 3532 710 3592 reperete
724 3533 749 3576 et
762 3525 896 3578 eleeetiori
911 3527 938 3578 io
952 3542 1013 3578 con·
1059 3545 1117 3593 poc.
1136 3527 1248 3579 osnebr.
1265 3527 1390 3578 omnibus
1409 3525 1553 3594 eeqneiitcr
1570 3521 1623 3577 iuit
1641 3541 1810 3578 coricessome
1824 3526 1878 3596 ipsi

195 3603 266 3655 sirio
283 3605 446 3658 comestioni
466 3621 597 3660 creseerec
614 3613 754 3662 socro.Jtre
772 3611 921 3680 singulatim
942 3629 1015 3680 pree·
1064 3619 1150 3661 lernen
1171 3610 1364 3662 territoriorum
1385 3625 1489 3661 suorum
1511 3609 1612 3660 retioue
1630 3617 1656 3658 et
1675 3607 1733 3678 plus
1753 3621 1879 3676 possunt,

195 3689 319 3740 seniendi
333 3703 489 3742 assutorem
503 3707 628 3756 cerneres,
642 3693 756 3761 gredere
768 3695 905 3764 privilegio
917 3697 950 3749 ‹le
962 3715 1015 3751 uon
1064 3701 1091 3742 el
1109 3690 1285 3760 siuguieribos
1302 3691 1436 3742 etououllis
1454 3689 1574 3760 geodent.
1586 3690 1620 3744 Ut
1639 3700 1766 3742 teceamus
1780 3692 1821 3757 jus
1833 3690 1881 3742 ett-

195 3773 368 3841 epprlleotlo,
387 3776 439 3840 jen
459 3793 472 3825 e
492 3785 609 3844 ternpore
625 3796 649 3828 e.
668 3779 1016 3849 b,u0neeign.edtgnt1..
1062 3775 1157 3843 gendi,
1176 3775 1243 3843 qnod
1263 3776 1455 3829 territoriorum
1475 3791 1579 3827 suornm
1599 3773 1623 3828 ei
1643 3773 1753 3826 bebent:
1771 3775 1831 3840 jore
1847 3773 1881 3827 de

201 3858 235 3908 tis
254 3857 447 3928 preerogettsee
465 3871 534 3913 sent.
553 3859 585 3913 tn
604 3879 672 3931 quoe
696 3863 762 3915 ettee
784 3865 842 3917 stne
864 3866 937 3917 erunt
957 3882 1015 3919 con·
1064 3877 1116 3912 eon
1135 3859 1291 3929 eppettentto
1315 3861 1484 3924 regulariter,
1509 3868 1536 3910 et
1560 3859 1597 3910 nti
1623 3875 1701 3930 cupre
1725 3857 1880 3928 probetne,

142 3955 183 4008 18
204 3944 328 3996 troeersie
353 3944 513 4013 reliquorum
540 3947 673 3999 recenseri
696 3957 812 4016 ponent.
837 3948 1016 4003 Recordemur
1064 3947 1152 4014 rigore
1170 3966 1194 3998 e.
1214 3946 1240 3996 b.
1265 3943 1397 3998 fruuntur.
1416 3943 1523 3997 Subditi
1548 3943 1698 3998 corumdem
1727 3944 1799 3996 nollo
1822 3945 1882 4010 jure

200 4025 306 4094 quidem
327 4029 368 4090 ine
385 4027 473 4080 corice
489 4041 618 4098 seperetee
635 4031 740 4083 demum
760 4049 829 4087 enno
856 4033 937 4087 1199.
954 4035 1012 4087 Fri·
1064 4029 1172 4098 proprie
1188 4038 1345 4093 evocentur,
1359 4040 1385 4082 et
1397 4026 1461 4080 duos
1479 4044 1621 4082 essessoree
1638 4043 1754 4081 cnmeree
1771 4027 1882 4096 quisque

200 4111 285 4162 dorici
306 4113 418 4165 ceeserie
436 4121 462 4164 et
480 4113 660 4167 Maximilieoi
681 4117 750 4184 regis
768 4134 831 4170 eero
849 4117 916 4188 ipsis
934 4119 1016 4173 conti·
1063 4129 1152 4165 eorum
1176 4122 1338 4182 pteettnielt
1356 4130 1422 4183 quse
1443 4110 1557 4165 delibus
1588 4111 1699 4182 imperii
1727 4112 1882 4180 regnterttee

202 4195 273 4264 gisse
291 4216 304 4249 e
324 4213 375 4250 non
396 4196 486 4264 prucis
504 4197 603 4261 esseri,
623 4199 667 4250 sed
687 4201 824 4266 proborum
844 4203 871 4254 id
884 4203 952 4256 'dere
970 4205 1015 4257 sd.
1064 4215 1116 4250 nou
1136 4207 1297 4268 competunt.
1315 4195 1373 4250 Non
1391 4195 1562 4260 eddocimus,
1579 4196 1648 4266 quod
1675 4197 1778 4250 crimen
1796 4198 1883 4248 leesee

176 4273 304 4331 'modum
325 4291 368 4334 eet⁴
379 4277 501 4334 difficile.
514 4278 611 4334 Auctor
622 4281 670 4333 der
684 4284 781 4336 Grund
793 4285 932 4340 Ferte'dee
944 4289 1016 4341 Heil.
1065 4283 1211 4348 meiestetis
1230 4280 1257 4334 iu
1281 4297 1324 4333 eos
1342 4280 1374 4333 eb
1392 4278 1516 4332 omnibus
1541 4279 1649 4348 imperii
1676 4279 1787 4333 subditis
1805 4295 1878 4332 com·

196 4365 360 4418 Romiseben
380 4365 478 4419 Reicbs
496 4365 522 4415 id
542 4377 617 4430 pert·
636 4367 662 4416 2.
683 4385 706 4420 c.
725 4370 750 4420 9.
766 4387 826 4439 pag.
845 4372 889 4423 91.
908 4373 1017 4427 reletiee
1065 4367 1197 4419 mittetur:
1217 4383 1288 4418 secus
1305 4384 1381 4436 qoem
1402 4364 1434 4417 tie
1452 4365 1513 4418 eliis
1531 4375 1663 4418 stetutum.
1682 4365 1713 4419 Et
1733 4367 1892 4435 preeterre?

199 4443 323 4502 rece'neet.
340 4448 506 4502 Electoribos
524 4449 589 4501 elies
607 4451 704 4519 lergins
722 4454 792 4518 justo
810 4455 879 4506 nulle
897 4457 952 4522 jure
970 4457 1016 4510 tri·
1064 4450 1154 4503 bimur
1174 4451 1337 4515 ntulit-⁸¹3⁰,
1353 4465 1420 4520 <1⁰⁸³
1438 4447 1582 4518 9019911191
1608 4458 1633 4500 ‘¹
1652 4460 1806 4518 P0'0⁵¹³¹⁸‘¹¹
1826 4451 1879 4504 θ’θ’

141 4523 179 4575 19
199 4532 290 4585 mene,
307 4531 339 4586 Ee
360 4548 392 4584 οι
412 4548 474 4584 vet-0
497 4533 551 4599 jem
574 4543 691 4603 tenepoes
715 4553 770 4589 eur.
793 4537 862 4590 hnlt,
878 4539 1014 4595 emma,
1063 4543 1163 4586 ctorem
1183 4533 1311 4587 inducunt
1328 4533 1438 4586 omnino
1463 4531 1656 4585 exterremur
1681 4534 1789 4587 mireris
1806 4550 1881 4601 sero,
1898 4535 1933 4588 ot

198 4617 338 4686 repererim
357 4635 417 4670 cure
436 4615 501 4686 ipsis
519 4633 599 4684 super
617 4619 729 4684 negotiis
747 4619 857 4688 imperil
876 4621 1017 4678 deliberes.
1063 4621 1187 4671 electores
1213 4628 1239 4670 et
1256 4629 1334 4672 stetur
1353 4617 1461 4688 imperii
1485 4617 1662 4683 luremeutum
1685 4614 1718 4667 ed
1739 4614 1880 4668 minimum

200 4713 245 4758 ee,
263 4708 290 4750 et
308 4714 340 4750 ee
359 4715 448 4752 sorum
468 4698 551 4750 solnm
572 4699 687 4752 consilio
713 4704 839 4756 stetuisse
857 4718 965 4774 upperet
982 4726 1015 4762 er
1066 4701 1203 4770 rosselligil
1221 4701 1319 4754 ceeseri
1339 4709 1364 4753 et
1382 4700 1496 4770 imperio
1514 4709 1662 4769 precstere,
1680 4717 1708 4753 se
1726 4700 1880 4764 velletren,

199 4775 223 4830 c.
244 4780 271 4830 3.
287 4787 309 4842 ς.
328 4781 354 4831 1.
371 4799 429 4834 our.
456 4781 520 4834 buil.
538 4781 613 4834 verb.
636 4781 731 4838 notite
756 4785 951 4843 deliberatione
968 4797 1016 4842 ete.
1064 4784 1143 4848 teoto,
1159 4783 1304 4852 geboreern
1324 4783 1380 4835 und
1393 4785 1539 4853 gemaertr'g
1555 4799 1638 4853 reyn,
1657 4784 1725 4853 quod
1751 4802 1875 4855 perume

201 4863 262 4914 ttte
279 4865 398 4933 exemplo
416 4874 478 4917 suot
495 4867 525 4918 in
541 4864 632 4916 eodem
652 4881 711 4933 eep.
739 4869 782 4918 te.
800 4869 825 4940 5.
852 4872 878 4923 2.
895 4889 955 4943 cop.
974 4876 1016 4928 to.
1065 4867 1228 4921 subditorum
1249 4866 1409 4934 obligatione
1428 4865 1526 4919 distet:
1545 4878 1572 4919 cl
1595 4867 1722 4921 solemnis
1745 4867 1879 4940 inengure·

198 4953 223 5008 ς.
241 4951 266 4998 1.
284 4947 321 5000 ttr
337 4947 376 4999 sic
398 4963 450 5000 note
475 4947 524 5000 boc
546 4948 653 5000 demum
680 4959 797 5019 tempore
821 4969 881 5006 corn
907 4953 1019 5010 caesore
1067 4952 1147 5005 tionis
1165 4945 1347 5002 beneficieriee
1366 4964 1410 5002 seu
1436 4948 1604 5004 iterestituree
1622 4967 1654 5004 ex
1671 4969 1733 5006 sero
1750 4971 1802 5006 oon
1822 4973 1879 5010 cese

203 5033 346 5102 seperstim
368 5031 530 5085 sicliberesee
547 5032 676 5102 putendi,
695 5035 740 5086 sed
766 5036 905 5104 collegium
931 5038 970 5091 rel
986 5055 1018 5092 en
1066 5035 1164 5098 morie,
1182 5035 1227 5089 sed
1247 5033 1312 5098 ioris
1330 5044 1355 5087 ct
1380 5035 1558 5088 necessitatis:
1576 5051 1706 5090 ceeserem
1731 5054 1763 5090 ex
1787 5037 1877 5094 debito

200 5117 268 5170 mem
282 5119 419 5170 eceeterie
435 5127 577 5186 eeperetere
596 5118 647 5184 jem
667 5127 720 5170 tum
740 5118 862 5173 beboisee
877 5120 1016 5177 edmodum
1065 5120 1196 5191 sppcllere
1213 5117 1463 5188 Allergneedigeter
1480 5117 1587 5188 Kayser
1603 5119 1659 5173 und
1675 5123 1763 5188 Here,
1774 5139 1802 5175 se
1819 5140 1883 5179 eren

148 5199 186 5252 20
204 5201 343 5271 prebebile
367 5201 410 5254 sit.
432 5195 488 5252 Nec
512 5197 668 5268 opinebitur
691 5200 766 5269 quis,
786 5205 827 5269 jus
850 5207 1016 5273 preecooml-
1063 5205 1153 5258 dicere
1169 5201 1396 5270 untertdeenigste
1414 5203 1673 5271 nnegenerreneo:
1692 5203 1764 5276 ipsos
1781 5205 1877 5258 crimi-

203 5286 276 5342 tenet
295 5285 364 5356 ipsis
375 5281 586 5349 eoncedendum,
599 5301 651 5338 non
667 5297 728 5340 tero
744 5303 803 5340 eum
821 5288 931 5345 crecere
942 5308 1018 5362 poree
1064 5289 1108 5342 nie
1125 5288 1209 5341 leeeee
1234 5284 1378 5354 mejeststie
1395 5280 1455 5337 lieri
1481 5301 1556 5350 reos,
1574 5297 1598 5339 ct
1617 5287 1645 5338 in
1668 5288 1785 5341 comitiis
1803 5305 1880 5359 posse

202 5374 286 5428 solum
305 5381 378 5424 estre
402 5367 508 5422 comitis
533 5377 559 5421 et
582 5367 652 5422 circe
673 5387 830 5425 cuumnsom
855 5375 1015 5446 reliquorum
1063 5373 1208 5444 proscribis
1228 5381 1255 5425 et
1279 5380 1367 5423 temen
1394 5387 1441 5423 nos
1465 5387 1512 5441 per
1537 5371 1747 5440 superioritetem
1778 5371 1875 5425 iisdem

202 5465 332 5508 steterere:
349 5453 390 5507 sel
414 5451 483 5523 qood
504 5449 537 5506 tie
555 5449 701 5507 minoribus
724 5455 800 5508 rebus
825 5467 938 5512 etetuent
955 5476 1014 5514 cone
1065 5456 1190 5511 tribuisse
1207 5455 1280 5508 inter
1298 5454 1396 5524 primes
1414 5453 1534 5523 Europae
1552 5465 1692 5524 potestetes
1709 5458 1809 5524 locum,
1829 5475 1878 5514 nec

201 5539 322 5603 Cecurc,
340 5555 393 5590 eon
417 5551 479 5589 sero
497 5534 531 5588 de
553 5536 713 5606 mejeribus3
732 5539 796 5594 brec
818 5542 850 5594 ecl
873 5544 1013 5598 consilinm
1064 5543 1185 5596 libertate
1203 5555 1263 5592 sene
1283 5539 1388 5592 retione
1404 5535 1459 5614 illie
1480 5553 1536 5590 esse
1559 5537 1700 5595 inieriurce
1722 5545 1876 5596 esseruieee.

201 5625 319 5760 omoiqu
338 5621 480 5762 ⁹J·¹·¹⁰}'‘1'
492 5618 532 5758 Εἰ
543 5620 783 5681 mentetteentu
800 5629 918 5702 exempl·
936 5631 1016 5703 prelo
1069 5625 1138 5685 ilem
1156 5625 1185 5682 io
1198 5622 1319 5682 conicere
1337 5639 1394 5680 cese
1411 5637 1516 5690 remur,
1534 5641 1587 5678 noo
1599 5625 1652 5682 nisi
1670 5623 1810 5683 edmoleee
1827 5627 1878 5682 dii·
1895 5615 1930 5670 25

316 5719 358 5778 trs
378 5727 399 5761 tr
444 5723 482 5764 o·
528 5739 535 5756 ·
