4440 6166
256 419 261 454 ἐ
329 441 332 448 Ι
737 327 1407 412 nrsou’rnntornncrc
1660 465 1663 470 Ι

252 613 257 624 ,
380 550 392 684 j
509 541 611 656 na
647 505 1151 668 soporaretur
1187 531 1640 695 carnotens,

805 803 860 848 nte
881 805 986 850 XXVII·
1009 807 1183 853 serrum,
1200 809 1340 860 imiimi}

964 983 1181 1028 mmmm

388 1239 392 1250 ι
470 1225 473 1237 .
558 1129 765 1203 nttttmco
788 1131 1053 1206 thtttsTttto
1077 1133 1592 1226 s'rttht10,tttlttctltco.

861 1419 1276 1472 ψ

925 1666 1220 1742 PROOEMIUM.

159 1889 161 1893 ·
241 1807 299 1944 P
299 1859 417 1940 ublliee
443 1867 628 1961 interesse,
654 1883 694 1944 ur
719 1875 908 1971 provincio
940 1871 1047 1952 malis
1072 1871 1281 1950 bominibus
1307 1882 1460 1971 purgata
1493 1881 1625 1970 pacate.
1652 1882 1761 1971 at‘qtre
1785 1873 1911 1972 quieta

240 1981 409 2055 maneat,
433 1967 536 2040 lctus
562 1969 711 2069 Ulpian.
740 1973 776 2042 in
804 1978 829 2044 l.
872 1975 925 2046 13.
957 1996 1017 2066 pr.
1048 1971 1100 2069 ff.
1126 1974 1166 2042 d.
1198 1969 1299 2068 offic.
1332 1970 1499 2066 pracsid.
1528 1983 1565 2042 et
1601 1969 1706 2046 Paul.
1742 1978 1782 2042 in
1809 1977 1837 2042 l.
1871 1973 1912 2046 3,

226 2057 286 2158 ff.
308 2065 386 2137 eod.
409 2065 622 2142 docuerunt.
648 2071 716 2140 Ast
742 2095 824 2142 cum
851 2071 898 2144 ob
923 2071 1162 2143 calliditatem
1188 2087 1225 2142 et
1251 2073 1424 2142 astutiam
1450 2069 1671 2162 bominum,
1692 2093 1819 2168 poenas
1846 2069 1910 2142 de-

243 2162 345 2242 lictis,
364 2177 518 2238 statutas
543 2167 696 2265 effugere
720 2169 967 2269 cupientium,
984 2171 1193 2268 saepissime
1217 2172 1370 2241 crimina
1390 2171 1580 2242 commissa
1607 2170 1646 2239 in
1672 2171 1915 2266 paucissimo·-

241 2285 325 2336 rum
354 2266 522 2338 notitiam
550 2269 783 2364 perveniant,
809 2272 974 2344 remedio·
992 2271 1156 2368 quodam-
1179 2269 1263 2342 buic
1290 2268 1489 2354 maluerat
1521 2267 1767 2361 ebriandum.¹
1784 2269 1911 2361 Quam

242 2360 289 2434 ob
315 2389 393 2436 rem
418 2367 598 2462 optimum
626 2371 718 2465 juris
738 2372 854 2452 nostri
879 2368 1125 2442 conditoribus
1152 2368 1356 2458 videbatur,
1382 2369 1512 2467 cuique
1538 2367 1752 2457 hominum,
1804 2389 1914 2438 ancos

240 2464 269 2532 si
297 2466 557 2536 tantummodo
582 2467 781 2564 exceperis,
808 2469 1001 2549 accusandi
1027 2467 1237 2553 facultatem
1272 2467 1482 2557 concedere,
1508 2489 1584 2564 quo
1618 2469 1668 2537 ita
1694 2491 1735 2538 eo
1783 2465 1915 2537 elicias·

239 2559 386 2642 delictis
410 2565 684 2637 committendis
710 2570 871 2656 occurri,
889 2568 1088 2640 commissa
1112 2591 1196 2640 vero
1222 2567 1372 2638 faciliori
1392 2569 1453 2638 via.
1475 2565 1614 2660 detegi,
1632 2577 1742 2662 atque
1767 2588 1912 2663 prome·-

241 2661 308 2736 rita
339 2685 450 2759 poena
479 2662 734 2762 delinquentes
759 2666 866 2738 adlici
893 2667 1041 2766 possint.
1061 2667 1205 2740 Verum·
1228 2666 1294 2736 lrac
1320 2665 1509 2738 accusandi
1538 2664 1686 2735 licentia
1711 2661 1914 2736 abuteban-

238 2767 302 2844 lur
329 2761 460 2834 multi:
489 2763 771 2836 inveniebantur
799 2769 916 2855 euim,
942 2767 1003 2863 qui
1031 2763 1078 2836 ob
1103 2766 1333 2855 inimicitias,
1358 2789 1451 2862 qnae
1476 2765 1563 2862 ipsis
1596 2762 1688 2833 lorte
1714 2786 1798 2834 cum
1825 2761 1908 2834 aliis

242 2859 534 2950 intercedebant,
553 2863 611 2934 vel
638 2865 748 2936 etiam
775 2862 822 2934 ob
847 2863 958 2936 eliam
985 2862 1126 2938 nullius
1147 2865 1324 2938 nsornenti
1350 2888 1495 2936 causam
1513 2861 1827 2934 innocentissimos
1846 2859 1913 2934 bo-

240 2960 358 3044 mines
381 2985 462 3039 ‚reos
492 2960 673 3048 iaciebant
698 2965 992 3059 grauissimorum
1018 2963 1414 3060 criminum,.quorurn.
1437 2960 1600 3061 probatio
1625 2962 1655 3032 si
1681 2961 1772 3058 ipsis
1786 2973 1912 3058 postea·

244 3081 316 3128 non
334 3083 379 3130 ex
405 3073 488 3130 roto
504 3063 726 3150 succederet,
743 3063 962 3160 impune'eb
987 3066 1210 3134 accusatione
1238 3060 1365 3136 frivole
1391 3064 1556 3148 instituta
1580 3057 1908 3156 desistebant,un

245 3158 322 3255 ipso
351 3173 474 3230 tamen
501 3161 704 3232 istiusmodi
730 3163 906 3232 accusatis
933 3161 1088 3232 minime
1119 3159 1344 3232 satisfactum
1372 3171 1470 3249 erat,
1497 3157 1563 3229 sed'
1592 3163 1751 3228 maxima
1788 3162 1917 3255 potius·

184 3300 187 3306 ,
243 3257 372 3356 injuria
401 3259 688 3332 innocentissimi
715 3259 753 3330 lri
779 3283 816 3329 se
850 3259 1010 3350 adiectos
1034 3283 1108 3329 esse
1140 3258 1355 3330 sentiebant.
1381 3258 1436 3330 Ne
1461 3281 1543 3352 ergo
1580 3256 1654 3326 tale
1691 3255 1779 3352 qnid
1806 3268 1842 3324 et
1867 3259 1913 3324 in·

245 3352 406 3428 sutorum
431 3360 671 3455 contingeret,
689 3357 943 3457 posterioribus
962 3356 1099 3454 legibus
1116 3360 1311 3454 inscriptio
1336 3353 1382 3428 ab
1407 3353 1669 3428 accusatoribus
1687 3350 1907 3448 exigebatur,

244 3453 312 3526 boe
338 3471 415 3544 cst,
441 3471 661 3530 accusatores
686 3457 913 3555 profitentes,
939 3480 976 3530 se
1005 3477 1037 3528 v.
1062 3482 1115 3552 gr.
1142 3456 1322 3528 Milonem
1349 3453 1501 3555 deferre
1532 3478 1586 3526 ex
1611 3457 1636 3524 l.
1673 3456 1836 3525 cornelia
1861 3451 1909 3525 da

244 3559 406 3642 sicariis,
448 3577 605 3654 eumque
633 3579 737 3628 reum
763 3582 786 3626 a
812 3579 850 3627 se
872 3569 1067 3654 peractum
1091 3560 1157 3645 iri,
1177 3554 1396 3655 jubebantur
1416 3559 1451 3627 in
1481 3553 1615 3654 judicio
1641 3552 1735 3624 datis
1761 3551 1907 3650 fidejus·
2003 3561 2005 3566 ’

246 3652 385 3726 roribus
411 3659 435 3725 l.
465 3679 499 3753 p.
525 3657 562 3744 §2
595 3677 623 3725 r.
636 3654 697 3754 ff.
725 3655 770 3726 de
796 3669 962 3726 accusat.
987 3660 1015 3726 l.
1044 3657 1079 3729 3„
1105 3679 1136 3727 e.
1164 3657 1210 3726 de
1236 3655 1313 3741 bis,
1341 3657 1407 3754 qui
1433 3675 1556 3726 accus.
1595 3675 1674 3722 norr-
1691 3674 1787 3749 poss.
1816 3657 1841 3721 l.
1875 3673 1915 3718 r.-

246 3767 281 3824 et
310 3779 344 3824 2.
371 3777 402 3826 c.
443 3754 495 3824 ud
536 3768 603 3826 set.
643 3757 790 3848 turpill.
820 3777 964 3844 cavere,
991 3777 1028 3823 se
1063 3769 1352 3854 perseveraturos
1387 3757 1424 3824 in
1459 3751 1631 3823 criminis
1664 3750 1909 3849 persecutione

248 3853 429 3950 usquead
455 3855 686 3926 sententiam.
714 3859 854 3924 Anton.
882 3852 1055 3925 Matthaei
1082 3853 1128 3924 de
1154 3851 1372 3926 criminibus
1407 3851 1459 3923 aci
1483 3849 1566 3922 libr.
1593 3847 1640 3948 ffi
1666 3851 1724 3940 482
1753 3855 1814 3918 rie.
1847 3849 1902 3922 r3.

248 3974 278 4024 c.
314 3957 350 4024 o.
378 3976 413 4021 rr.
454 3977 485 4023 a.
518 3976 618 4050 sepq.
657 3953 749 4024 Huic
784 3954 1010 4049 inscriptioni
1045 3951 1328 4050 subjungebatur
1361 3950 1606 4048 subscriptio,
1631 3973 1699 4045 qua
1736 3945 1913 4018 libellum·

246 4054 479 4122 accusationis
505 4063 744 4149 porrigentes,
771 4051 847 4139 vel,
872 4055 901 4122 si
930 4053 1049 4123 literas
1077 4051 1302 4139 nesciebant,
1328 4047 1389 4120 alii
1415 4075 1482 4147 pro
1506 4049 1581 4120 illis
1607 4052 1632 4118 l.
1661 4048 1695 4119 3.
1721 4045 1756 4134 S.
1784 4070 1850 4142 a.⁸
1892 4099 1900 4116 .

247 4151 293 4220 cle
319 4163 473 4221 accersat
510 4147 750 4238 testabantur,
775 4173 812 4219 re
839 4149 1008 4248 professos
1042 4173 1134 4239 esse,
1156 4175 1228 4246 quo
1263 4151 1340 4249 ipso
1365 4149 1476 4218 simul
1510 4149 1548 4216 in
1582 4169 1727 4230 casum,
1753 4145 1783 4214 si
1804 4145 1901 4214 calu·

246 4251 367 4318 runiae
393 4252 501 4321 evicti
545 4249 696 4336 inerint,
723 4249 765 4319 ad
802 4273 953 4348 poenam
990 4252 1164 4348 reciproci·
1188 4250 1223 4318 lr.
1253 4271 1282 4318 e.
1321 4249 1483 4334 talionis,
1509 4250 1585 4318 sive
1619 4242 1907 4318 similitudinem

244 4347 408 4446 supplicii
436 4373 510 4418 sese
535 4347 751 4444 obligabant.
779 4351 804 4417 l.
833 4371 864 4418 s.
893 4373 926 4420 e.
962 4349 1007 4420 de
1034 4346 1126 4421 exit
1162 4350 1246 4419 reis.
1272 4371 1365 4444 quae
1393 4357 1514 4418 tamen
1543 4341 1685 4414 talionis
1712 4365 1826 4439 poena
1854 4340 1909 4413 ob·

245 4449 553 4533 calumniantium
580 4447 851 4546 improbitatem
879 4449 1026 4520 demum
1054 4460 1132 4545 jure
1156 4447 1289 4518 codicis
1314 4445 1542 4531 introducta,
1561 4468 1645 4514 uam
1673 4445 1749 4540 ipre
1773 4439 1807 4512 li.
1836 4461 1900 4536 per

244 4551 363 4640 legem
396 4545 624 4634 cheroniam,
661 4548 716 4618 vel
753 4559 791 4616 ot
824 4547 1008 4618 Duarenus
1033 4547 1086 4616 ad
1111 4550 1169 4618 tit.
1182 4544 1240 4645 ff.
1267 4545 1313 4617 de
1339 4550 1504 4616 column.
1531 4555 1568 4613 et
1592 4540 1647 4614 Jo.
1673 4539 1804 4614 Udalr.
1832 4541 1899 4612 Za·

245 4647 382 4714 sinsin
417 4653 529 4732 carot,
562 4649 811 4743 antiquarum
845 4650 974 4742 legum
1008 4647 1150 4741 legunt,
1195 4649 1422 4730 memmium,
1445 4641 1750 4714 calumniantium
1783 4634 1907 4710 fronti·
2023 4729 2030 4736 ·

246 4741 346 4814 litera
376 4740 399 4811 lt
426 4757 566 4814 tantum
607 4743 836 4832 inurebatur,
861 4749 885 4814 i.
934 4769 964 4814 t.
995 4750 1027 4839 §.
1061 4769 1096 4816 a.
1128 4744 1181 4844 ff.
1214 4744 1266 4816 od
1302 4757 1371 4814 sel.
1405 4747 1554 4839 turpill.
1586 4743 1802 4837 insuperque
1827 4739 1903 4808 edi·

246 4857 302 4912 cto
337 4844 509 4940 praetoris
541 4841 730 4915 infamiam
766 4842 1015 4933 incurrebant,
1048 4847 1075 4917 l.
1114 4867 1142 4912 r.
1164 4841 1224 4942 ff
1257 4841 1303 4914 de
1336 4839 1413 4929 lis,
1447 4844 1514 4938 qtri
1546 4853 1622 4910 not.
1660 4836 1803 4936 infirm·
1828 4837 1900 4908 Sed

242 4965 308 5014 nec
325 4941 389 5014 lroc
417 4941 618 5014 remedium
644 4963 768 5013 omnes
793 4941 985 5040 supplebat
1008 4941 1185 5032 detectus,
1204 4941 1393 5014 eveniebat
1408 4941 1567 5037 saepius,
1584 4949 1624 5009 nt
1651 4935 1782 5036 aliquis
1808 4937 1906 5007 citra

243 5042 407 5112 animum
435 5041 686 5114 calumniandi
710 5039 768 5113 uel
793 5041 956 5114 alterum
979 5039 1147 5116 laedendi
1183 5041 1402 5128 inconsulto,
1428 5037 1520 5110 forte
1553 5036 1701 5124 dolore,
1724 5039 1818 5135 justo
1844 5059 1898 5111 er-

243 5163 344 5224 rore,
371 5139 488 5210 aliare
512 5143 622 5212 simili
649 5165 702 5210 ex.
718 5165 838 5227 causa,
863 5143 910 5213 ad
935 5144 1205 5212 accusationem·
1225 5138 1451 5236 procederet,
1467 5160 1576 5233 quern
1611 5151 1726 5234 postea
1755 5134 1903 5234 plenius·

241 5241 380 5333 cognita
407 5263 509 5309 eausa
537 5238 730 5338 poenitudo
755 5238 837 5311 lbcti
862 5240 1071 5324 incedebat,
1088 5241 1126 5310 in
1145 5238 1242 5310 lrutrc
1267 5237 1409 5333 aequali
1434 5261 1518 5307 cum
1548 5231 1748 5306 tornerariis
1770 5245 1807 5304 et
1833 5231 1896 5305 lni-

243 5335 334 5408 uolis
361 5336 623 5410 accusatoribus
659 5362 769 5438 poena
802 5341 1092 5412 atrimadvertere
1123 5339 1255 5410 diarum
1290 5334 1497 5422 videbatur,
1533 5335 1636 5422 inde,
1662 5345 1703 5405 ut
1736 5355 1801 5404 nec
1838 5331 1897 5402 lric

243 5437 337 5534 leges
363 5437 545 5524 deessent,
572 5461 666 5509 antro
691 5437 828 5512 Christi
853 5441 913 5512 62.
940 5443 1148 5536 imperante
1179 5435 1350 5524 Nerone,
1380 5431 1559 5508 Caesent'o
1591 5433 1733 5523 Pireto,
1762 5447 1800 5503 et
1828 5429 1908 5500 Pa-

243 5539 367 5610 tronio
404 5533 540 5612 Sabino
572 5535 827 5634 Turpilliano,
860 5535 1071 5615 consulebas
1104 5553 1225 5620 sctum
1258 5533 1401 5610 lactum,
1427 5559 1502 5609 esse
1529 5546 1899 5630 rrarraut,.quosan·
