4336 6170
789 310 1127 493 nlsnurnrlo
1153 417 1400 499 SECUNDA

126 542 1679 766 ,·,¹,uuuuauaanaaau,

100 841 108 882 'z-
172 764 207 864 Υ
247 752 264 806 ”⁵
666 807 787 884 Van
803 813 986 888 ancer
1004 815 1112 888 aaa
1135 817 1513 910 naen-nuffar,

925 1007 1003 1051 tao
1032 1007 1267 1052 ΗΗΝῊΑ

789 1170 830 1216 AB
854 1174 933 1219 nteit
955 1175 1012 1222 vn.
1034 1137 1169 1224 Aratus.
1187 1139 1233 1241 ΙΔ.Ι
1251 1175 1405 1223 nnctxxt.
1506 1215 1508 1223 .

503 1289 752 1412 stanneus
774 1303 973 1414 wadan,
995 1299 1396 1420 aaarononr'mns
1419 1303 1668 1400 aoaussns.

864 1562 868 1576 ,
1016 1549 1161 1604 isram

890 1725 1282 1834 rasnrsr1o

254 1911 555 2079 Mercaturam
582 2003 763 2076 societatis
789 2005 950 2081 animam
975 2009 1005 2080 si
1032 2013 1114 2106 quis
1140 2011 1298 2104 dixerit,
1316 2033 1392 2084 non
1414 2023 1533 2104 errat3
1553 2013 1629 2085 sive
1647 2013 1749 2084 enim
1775 2037 1921 2089 causam

250 2108 452 2196 societatis,
480 2103 721 2202 indigentiam
749 2103 949 2180 humanam
976 2115 1168 2206 respicias,
1193 2138 1274 2186 eam
1308 2109 1732 2186 adeo-commerciorum
1766 2119 1922 2214 reperies

249 2205 435 2302 indigam,
454 2219 493 2276 ut
509 2207 587 2277 siae
614 2207 657 2276 iis
678 2207 739 2275 vix
760 2203 989 2281 momentum
1016 2217 1090 2284 vite
1118 2215 1275 2287 bumana
1303 2215 1493 2286 commode
1511 2218 1700 2314 persistere
1718 2219 1851 2312 possit,
1877 2222 1922 2288 si.

250 2332 296 2380 ve
323 2312 435 2380 etiam
463 2309 501 2377 in
528 2306 707 2378 societatis
734 2312 1047 2382 conservationem
1075 2315 1257 2412 inquiras,
1283 2317 1498 2386 commercia
1538 2338 1635 2405 erse,
1661 2339 1751 2412 quae
1788 2321 1922 2389 consti·

252 2419 372 2480 tutam
399 2409 496 2479 inter
521 2420 645 2504 gentes
671 2404 876 2478 societatem
905 2411 1142 2505 confirmant,
1162 2438 1234 2486 non
1260 2412 1418 2512 negabis.
1436 2413 1548 2502 Unde
1574 2417 1614 2486 in
1632 2411 1770 2486 duabus
1796 2411 1920 2509 rebus,¹

252 2508 471 2580 commercia
496 2519 533 2576 et
560 2507 730 2604 imperio,
758 2507 964 2588 societatem
992 2515 1202 2604 consistere,
1221 2537 1293 2584 non
1322 2513 1547 2609 ineleganter
1577 2517 1729 2587 asseruit
1756 2515 1920 2614 Lipsius,

254 2620 290 2678 et
316 2605 442 2696 Plato,
468 2630 551 2678 cunr
577 2607 803 2695 institueret,
830 2611 1013 2706 quomodo
1046 2617 1209 2688 civitates
1239 2611 1333 2684 bene
1367 2612 1524 2687 habitari
1549 2617 1709 2714 possint,
1750 2615 1925 2714 inprimis

252 2710 493 2804 negotiatores
519 2709 733 2779 necessarios
758 2706 876 2780 duxit.
897 2711 919 2780 l.
940 2735 976 2784 2.
997 2711 1033 2784 ff.
1058 2714 1105 2785 de
1133 2713 1317 2786 nundinis.
1338 2713 1433 2787 Hinc
1462 2739 1606 2814 qnoque
1632 2716 1800 2813 inprimis
1826 2743 1920 2788 naer-

166 2824 168 2837 '
252 2821 399 2880 ceturae
438 2806 576 2898 favere,
615 2807 745 2906 illique
784 2810 905 2908 ampla
937 2813 1133 2886 concedere
1159 2813 1348 2913 privilegia
1376 2815 1539 2886 videmus
1566 2839 1652 2906 eas,
1677 2817 1737 2914 qui
1765 2817 1920 2915 reipubl.

254 2931 340 2982 suae
365 2933 490 2980 curam
516 2923 669 3006 gerunt,
693 2920 756 3008 aut
782 2933 865 2982 suas
892 2910 949 2994 rel
973 2913 1193 3016 locupletare
1219 2913 1277 2986 vel
1304 2913 1470 2986 clariores
1496 2915 1647 2987 reddere
1673 2926 1840 3012 satagunt
1866 2919 1920 2990 dt:
2038 2958 2039 2961 ¹

250 3011 388 3100 tiones3
405 3021 495 3107 quot
521 3011 622 3082 enim
649 3021 751 3096 sunt,
770 3009 862 3106 quae
887 3009 951 3111 per
976 3015 1089 3086 salam
1118 3029 1361 3086 mercaturam
1388 3015 1434 3087 ad
1462 3038 1647 3086 summurn
1677 3032 1933 3114 pervenerunt

252 3105 463 3206 fastigium?
489 3108 619 3202 Certe,
645 3108 674 3180 si
700 3107 873 3201 Batavis,
904 3114 1070 3205 Venetis,
1101 3115 1342 3214 plurimisque
1368 3114 1579 3187 ciuitatibus
1600 3127 1841 3190 mercaturam
1859 3118 1918 3190 de-

250 3225 350 3299 mas,
377 3210 438 3282 vix
464 3233 599 3284 namen
626 3208 712 3307 ipsis
740 3235 1012 3303 remansurum,
1038 3228 1178 3287 certum
1206 3229 1270 3286 est.
1297 3214 1411 3285 Prout
1439 3239 1525 3288 vera
1549 3229 1749 3287 mercatura
1777 3221 1920 3290 mariti*

252 3333 312 3380 nra
341 3333 426 3408 prae
452 3314 618 3382 terrestri
644 3308 871 3408 opulentior,
900 3317 1146 3412 majoremque
1171 3315 1262 3414 reip.
1290 3328 1450 3414 praestat
1476 3315 1692 3402 utilitatem,
1720 3317 1771 3388 sic
1790 3321 1919 3415 majori

252 3433 396 3506 quoque
421 3429 527 3501 cura,
555 3411 592 3482 ni
620 3423 747 3481 natura
776 3411 1133 3502 obstiterit,'eadem
1161 3414 1411 3514 promovenda
1438 3425 1502 3485 est.
1530 3415 1742 3486 Aristoteles
1763 3419 1918 3512 'quidem

252 3531 271 3578 a
300 3509 486 3582 maritima
515 3510 673 3600 alienus,
705 3507 817 3600 solam
854 3525 1062 3588 terrestrem
1096 3537 1139 3587 ex
1165 3514 1385 3610 agricultura
1413 3511 1465 3586 et'
1484 3518 1647 3614 pecuaria
1676 3527 1917 3598 mercaturam

252 3605 396 3680 suadet:
417 3619 456 3679 et'
469 3607 840 3682 Lacedaemoniorum
870 3613 958 3710 legis
984 3615 1242 3706 meminimus,
1266 3615 1507 3712 quaciribus
1533 3615 1730 3710 navigandi
1757 3615 1918 3690 studium

252 3707 556 3801 interdicebatur3
583 3709 643 3780 scd
674 3711 819 3808 utrique
847 3713 885 3783 in
913 3739 954 3786 eo
981 3705 1111 3810 genere
1146 3714 1345 3814 simplicior
1380 3729 1416 3786 et
1448 3713 1547 3786 rudis
1581 3715 1699 3787 adbuc
1724 3729 1819 3788 aetas
1845 3720 1920 3815 opi-

253 3808 369 3922 nandi
391 3811 527 3882 occasio
556 3809 871 3910 fuit-Indigentia
901 3815 1033 3888 deinde
1057 3829 1094 3889 et
1120 3816 1254 3889 cultior
1281 3829 1377 3888 aetas
1402 3816 1570 3888 civitates
1602 3817 1705 3914 longe
1737 3813 1835 3888 aliud
1859 3819 1919 3889 do·

253 3919 350 4000 crnt;
376 3923 479 4009 poeta
507 3923 618 3982 teste:

534 4105 776 4182 Non'eadcnr
802 4117 916 4184 tellus
938 4117 1047 4211 parit
1074 4119 1220 4205 omnia,
1246 4115 1382 4188 vitibus
1407 4119 1476 4188 itta

586 4207 790 4304 Convenit,
817 4209 908 4286 liaeo
935 4218 1043 4306 oleis,
1069 4213 1131 4292 laic
1156 4213 1380 4314 benesarra
1408 4222 1544 4310 vigeni·

257 4411 355 4500 Quot
380 4410 528 4483 dissitas
555 4410 714 4506 regiones
740 4422 842 4500 sunt,
874 4413 1216 4510 pretiosissimorum
1255 4411 1444 4484 fructuum
1473 4410 1626 4499 feraces,
1658 4411 1703 4483 ed
1738 4439 1826 4511 quas
1862 4413 1917 4486 rel

257 4509 379 4580 nullus
395 4564 405 4600 ‚
431 4512 490 4582 vel
517 4508 676 4582 difficilis
702 4511 779 4580 sine
805 4509 960 4583 navibus
987 4511 1130 4584 aditus?
1153 4533 1307 4611 quarum
1335 4514 1499 4583 omnium
1527 4511 1716 4582 commodo
1742 4518 1818 4586 sine
1845 4541 1918 4586 rnau

257 4611 382 4684 ritima
403 4623 604 4682 mercatura
631 4609 828 4683 carendum
856 4626 956 4682 esset.
976 4611 1117 4684 Tacebo
1143 4613 1387 4684 emolumenta
1416 4611 1502 4683 inde
1521 4613 1671 4682 oriunda
1693 4613 1806 4712 plura.
1825 4615 1919 4686 Cum

258 4702 383 4781 a'utem
412 4725 614 4783 mercatura
642 4711 728 4782 baec
755 4713 864 4783 variis
890 4715 1051 4810 exposita
1080 4713 1248 4810 periculis
1274 4710 1634 4812 deprehenderetur,
1658 4711 1704 4784 de
1729 4717 1920 4787 securitate

256 4809 378 4906 aliqua
404 4813 464 4883 isti
493 4811 790 4909 prospiciendum
816 4825 917 4900 erat,
945 4812 1049 4884 nullo
1073 4813 1312 4886 commodiori
1340 4829 1552 4902 momento,
1578 4836 1691 4908 quam
1718 4835 1840 4910 portus
1867 4820 1921 4914 ju·

257 4907 358 4982 ribus
383 4909 624 5009 singularibus
652 4909 853 4982 muniendo
867 4965 879 5002 ,
905 4914 1122 5011 eosdemque
1149 4912 1353 5012 privilegiis
1376 4913 1510 5011 amplis
1528 4915 1699 4984 ornando.
1719 4915 1771 4984 De
1788 4913 1921 5012 quibus

256 5023 427 5108 portuum
458 5008 594 5114 juribus
619 5013 657 5082 in
684 5034 850 5110 praesens
868 5012 1047 5110 qrraedsm
1075 5017 1152 5084 ioco
1169 5014 1425 5112 disputationis
1443 5011 1608 5110 publicae
1626 5037 1824 5113 proponere
1843 5019 1920 5086 ani-

256 5133 340 5182 mus
366 5123 441 5201 est,
466 5135 539 5183 non
566 5111 715 5210 quidem
743 5136 807 5210 pro
825 5113 1004 5208 dignitate
1023 5113 1194 5211 materiae
1212 5125 1274 5185 aut
1292 5111 1492 5185 doctiorum
1514 5112 1654 5213 palata,
1672 5115 1732 5186 sed
1752 5117 1790 5185 in
1809 5140 1922 5212 quan·

257 5223 339 5281 tum
357 5223 393 5282 et
411 5210 544 5308 ingenii
564 5225 600 5284 et
618 5213 778 5286 instituti
793 5213 886 5283 ratio
905 5217 1104 5312 permittet.
1119 5213 1306 5288 Neautem
1325 5215 1402 5286 sine
1414 5213 1561 5286 ductore
1579 5215 1789 5312 procedam:
1803 5217 1920 5289 Deum

259 5314 440 5406 optimum
468 5311 671 5384 maximum
690 5309 901 5384 ardentibus
929 5319 1021 5388 rotis
1046 5315 1178 5387 obnixe
1203 5340 1306 5412 rogo,
1332 5327 1373 5387 nt
1401 5340 1463 5412 per
1492 5314 1669 5410 legitimos
1688 5317 1776 5414 juris
1796 5320 1922 5388 trami-

260 5421 313 5479 tes
340 5413 432 5482 mihi
458 5417 615 5484 currenti
647 5414 723 5512 ipse
751 5411 881 5486 ductor
907 5429 944 5486 et
969 5415 1098 5490 doctor
1120 5414 1237 5508 adsit,
1255 5439 1325 5514 quo
1349 5413 1417 5489 sub
1437 5416 1549 5516 ipsius
1567 5418 1714 5487 nomine
1740 5428 1923 5489 tentatum

259 5509 328 5580 iter
352 5511 518 5585 secundis
542 5519 669 5612 exequi
689 5537 753 5614 pos
777 5515 847 5588 sim
875 5515 1057 5614 auspiciis.
