4352 6226
246 271 301 326 ros
667 269 715 322 un
732 262 903 324 csnrntrs
920 263 1026 324 crues
1046 247 1306 340 Qutuursutu
1324 281 1385 328 sse.
1758 261 1813 321 snt

179 385 230 422 uos
246 351 397 422 constristo
415 369 468 420 tioss'
486 355 587 420 tentum
606 363 685 418 luerit
703 375 852 428 eouseeute,
869 375 995 433 quonium
1052 368 1181 423 redendse
1197 367 1268 421 lilis'e
1288 387 1370 440 usque
1387 368 1418 420 sd
1438 353 1595 440 lepltirnem,
1613 364 1635 420 sl
1653 353 1743 422 oontr‘e
1763 355 1866 420 teverti.

29 479 33 486 ·
75 437 82 461 ⁸
143 440 214 509 ded
234 467 360 522 expensos
383 439 463 504 unios
481 449 589 505 termini
602 450 739 504 soluendus
750 447 908 502 eulbeiebet.
920 449 996 519 Quod
1049 451 1167 506 ‘Alterius
1187 455 1324 523 prisignse
1344 455 1455 510 meritos
1479 455 1536 524 plus
1560 473 1574 506 e
1601 469 1688 505 socero
1719 453 1866 520 relietum,

72 561 79 593 ,·
178 537 202 590 ei
221 551 253 589 ex
271 535 394 608 pluribus
410 533 601 588 nubseredibus
619 533 703 604 eliqni
720 533 848 587 soluendo
870 546 928 588 esse
951 532 997 587 de·
1047 552 1127 606 quem
1145 553 1159 586 ι
1177 535 1254 588 ridue
1274 535 1421 590 indlostnm
1440 536 1588 601 esserebet,
1606 549 1686 606 utque
1704 553 1735 589 ee
1752 539 1868 590 insonte·

176 621 285 683 sierint,
304 619 331 671 id
349 617 447 672 demun
466 617 606 671 ereditorie
623 617 709 683 redit,
734 632 782 670 neo
808 616 904 686 reliqui
929 619 996 670 loeu-
1049 619 1129 683 sium,
1148 622 1189 673 rel
1206 623 1318 688 jurstem
1339 621 1426 674 ederet
1445 618 1685 692 specificationeos,
1704 620 1808 674 entioue
1826 619 1869 672 iu·

179 703 307 774 pletieres
325 711 408 756 retem
427 699 517 770 inopis
536 701 634 752 soirere
654 707 792 754 tenentur.
812 698 882 752 llere
909 701 995 770 ipsnru
1048 704 1140 757 stitute
1159 707 1292 774 poscebat.
1311 703 1386 757 Uxor
1403 705 1519 774 ejusdem
1539 707 1636 759 eetoris
1661 717 1782 760 eventurn
1808 700 1875 759 titis'

31 821 34 828 «
70 772 75 804 ¹
142 791 220 858 Jjus
238 786 366 837 diviseret
384 783 457 836 luter
474 801 519 836 eos
535 781 997 855 dimotionem-Consulumiisque
1046 798 1194 854 spectetnrs
1214 787 1376 842 divisionem
1396 787 1866 843 beeredltstisinterimdetreetebst.

68 859 74 873 ⁸
177 881 235 934 est,
253 879 341 922 eontre
361 867 451 938 plures
469 867 628 920 nobeeredes
646 869 732 922 stetim
752 877 940 936 postmortem
961 878 997 921 te·
1047 869 1228 925 Nihilominus
1247 872 1323 925 ridne
1342 873 1374 924 li.
1394 871 1423 925 d.
1442 882 1497 926 tum
1517 873 1625 943 proprio
1643 882 1698 924 tuns
1717 873 1778 936 iure
1794 889 1868 926 cesso

180 953 289 1006 steturis
306 960 367 1004 ente
384 949 547 1003 divisionem
567 950 754 1017 haereditetis,
779 967 812 1005 es
836 967 998 1022 quecumque
1046 953 1154 1008 ulterius
1171 955 1324 1010 cobseredis
1342 972 1402 1009 suee
1420 964 1489 1008 retes
1506 975 1520 1007 e
1539 956 1704 1008 debitoribus
1718 955 1866 1008 burseriite·

177 1051 255 1088 'oense
273 1034 308 1085 tte
326 1035 540 1104 renietsepere,
565 1044 593 1086 et
618 1034 698 1086 simui
724 1045 815 1086 euutre
838 1030 996 1086 dirisinnens
1049 1037 1391 1108 sttsesetsipsogenuo.
1411 1037 1866 1106 1.t.1t.qoisuperjuunespo·

179 1117 320 1186 protesteri
338 1127 364 1170 et
381 1119 553 1170 erentueliter
570 1118 712 1188 eppellere,
729 1116 889 1186 usquedum
906 1119 998 1171 selse·
1048 1115 1208 1174 oibcetiouis
1226 1121 1343 1174 edendse
1361 1121 1516 1174 necessitete
1534 1137 1593 1172 onus
1611 1137 1640 1173 ee
1666 1121 1866 1185 contendebet,

182 1199 330 1254 lisleeerint
347 1202 492 1265 creditori,
510 1203 550 1255 sel
568 1217 596 1253 se
617 1202 646 1254 iu
671 1197 784 1254 solidum
809 1201 996 1270 obligsserint.
1047 1203 1144 1272 exegit.
1165 1201 1195 1253 ld
1213 1203 1282 1274 quod
1301 1203 1402 1272 duplici
1416 1203 1489 1270 regio
1500 1205 1639 1270 rescripto,
1650 1203 1734 1252 eltern
1746 1199 1778 1249 ed
1791 1217 1868 1267 pree-

181 1284 283 1354 Quodsi
302 1301 362 1338 sero
380 1287 448 1339 sotio
466 1297 557 1340 contre
574 1285 699 1339 beeredes
717 1303 750 1340 ex
767 1286 928 1354 obligatione
952 1286 996 1340 de·
1049 1288 1146 1338 torinm
1165 1287 1306 1358 lipsienee‚
1325 1287 1408 1340 sltero
1425 1285 1457 1336 ed
1473 1281 1596 1336 'eenetnus
1617 1281 1667 1335 init
1684 1283 1870 1352 epprobetum,

65 1373 66 1376 ’
180 1368 264 1422 iuneti
282 1368 443 1432 descendet,
470 1370 537 1422 beno
566 1370 694 1422 nestelem
718 1367 751 1421 eb
776 1369 858 1420 initio
881 1367 1003 1422 edbibeet
1047 1371 1163 1438 jussique
1178 1381 1238 1422 suut
1259 1369 1390 1422 debitores
1406 1367 1501 1422 riduee
1518 1375 1601 1419 retem
1619 1367 1725 1419 soirere.
1739 1365 1796 1420 lmn
1807 1365 1903 1420 eumd

183 1453 306 1516 ereditur,
324 1463 355 1506 ut
373 1455 522 1521 exceptioni
542 1454 683 1506 divisionis
703 1471 751 1523 pro
768 1468 798 1507 te
816 1463 842 1504 et
865 1453 919 1506 seis
943 1453 1002 1506 bse-
1049 1469 1130 1522 gener
1145 1456 1197 1508 iste
1215 1455 1324 1522 litigent
1343 1462 1480 1524 prseoepte
1498 1451 1531 1505 de
1548 1469 1599 1504 nou
1619 1451 1742 1504 solseudo
1755 1451 1782 1501 in
1795 1465 1868 1519 prse-

183 1538 291 1590 redibus
306 1537 453 1591 debitorem
473 1539 651 1602 renuneisre,
671 1548 697 1588 et
715 1536 870 1590 bseredibns
896 1539 1004 1590 solutio·
1051 1537 1119 1590 tosio
1136 1538 1259 1608 lipsiensi
1278 1537 1448 1608 impetrsret,
1464 1551 1545 1605 esque
1566 1532 1730 1586 debitoribus
1749 1533 1867 1586 beeredl·

182 1640 242 1675 nem
263 1623 291 1674 irs
311 1623 425 1674 solidum
445 1620 740 1691 iniungituret.1.inet
760 1621 832 1673 enim
853 1621 1002 1692 l.)ipsnm
1049 1622 1240 1675 teriiseureret
1260 1622 1409 1684 insiosuri,
1435 1619 1583 1671 sesbioetus
1613 1628 1698 1670 temen
1730 1617 1868 1684 lipsiensis

183 1709 225 1774 jos
245 1707 294 1758 iste
315 1707 423 1758 nornine
442 1723 456 1756 ι
476 1707 530 1758 tire
546 1714 575 1758 et
600 1705 704 1774 pessise
723 1705 841 1769 diridet,
860 1706 941 1775 idque
958 1706 1001 1776 2.)
1051 1705 1139 1757 eedem
1161 1723 1207 1778 per
1226 1705 1383 1758 sententium
1405 1703 1517 1756 rernesri
1536 1701 1628 1770 jussit,
1646 1698 1716 1771 quod
1735 1715 1782 1751 sno
1805 1718 1868 1768 qun·

182 1793 211 1845 iu
230 1791 344 1846 innurem
364 1791 516 1856 beeredun,
535 1791 576 1842 eui
596 1798 747 1843 testatorem
769 1789 807 1860 b.)
824 1790 1005 1859 proeiudiesre
1049 1803 1100 1857 que
1118 1806 1248 1842 consensu
1262 1804 1318 1842 uon
1337 1787 1459 1840 obsteute
1475 1787 1662 1846 leuteretioue,
1686 1783 1867 1854 sinplissimus

181 1889 235 1928 nnn
255 1892 339 1946 posse,
361 1891 409 1928 nen
427 1874 471 1944 l.)
492 1872 616 1926 berredes
634 1875 701 1926 ultre
714 1883 796 1926 retsns
808 1888 919 1926 onerere
934 1874 1002 1927 sele·
1049 1877 1166 1932 lotorum
1193 1876 1477 1945 Wittesuberpeusium
1502 1871 1567 1926 ordo
1590 1867 1773 1925 confirmeris.
1796 1870 1866 1925 item

183 1973 213 2012 re
230 1961 363 2012 sidesturs
383 1964 497 2010 ettamen
515 1975 573 2010 eum
594 1957 633 2028 1.)
651 1955 717 2021 iuris
735 1955 877 2023 dispositio
900 1964 1004 2022 resset,
1051 1958 1119 2013 siout
1136 1963 1195 2028 quis
1215 1975 1267 2012 uon
1286 1967 1373 2029 potest
1391 1969 1461 2009 reete
1480 1955 1630 2026 probibere,
1647 1971 1682 2009 ue
1699 1955 1792 2009 riduee
1804 1972 1866 2026 pse·

183 2042 229 2096 ubi
248 2043 320 2094 sde'et
337 2041 453 2112 provisio
472 2040 601 2105 bominis,
621 2057 670 2094 nen
688 2039 751 2093 bsee
767 2037 883 2093 eleusuls
901 2041 1002 2108 uspiam
1050 2043 1104 2110 prii
1124 2041 1258 2095 debitores
1283 2059 1327 2093 soe
1345 2041 1435 2093 debite
1453 2042 1571 2106 solvent,
1596 2039 1634 2092 ite
1657 2057 1760 2110 quorpue
1777 2043 1869 2115 nequii

184 2129 219 2181 eit
238 2127 383 2198 prohibite,
403 2127 530 2180 berredes
549 2143 619 2192 reru,
638 2128 682 2196 qui
701 2124 746 2192 2.)
765 2127 793 2178 in
813 2123 1005 2178 lerorebilibus
1051 2123 1173 2190 efficere,
1200 2144 1233 2180 oe
1255 2127 1388 2179 debitores
1405 2125 1576 2178 bserediterii
1596 2133 1677 2176 retem
1697 2125 1788 2178 sldnee
1804 2143 1866 2196 per·

182 2215 376 2283 empleetuntur
395 2213 528 2264 testatoris
547 2214 725 2273 soluntetem,
742 2211 859 2264 eamdem
878 2210 955 2265 etiens
976 2213 1003 2263 ln
1050 2222 1100 2263 tem
1119 2212 1263 2276 exsolvent,
1281 2211 1381 2281 qnippe
1398 2227 1457 2262 eum
1476 2211 1505 2261 iu
1525 2207 1678 2260 nominibus
1690 2209 1866 2264 setirisuibil

181 2298 304 2348 ouesueis
323 2297 408 2365 sequi,
427 2304 453 2346 et
472 2299 526 2362 ejus
544 2291 612 2346 laete
631 2304 766 2363 preestere
784 2271 936 2357 teuedntur,
956 2309 1005 2346 uee
1051 2309 1190 2346 commune
1207 2295 1252 2359 sis,
1271 2295 1314 2347 sed
1334 2311 1378 2346 sus
1397 2305 1453 2345 rete
1471 2289 1582 2344 cuilibet
1600 2291 1740 2345 berredusn
1759 2292 1797 2346 lte
1809 2309 1867 2346 een·

184 2379 221 2446 3.)
239 2393 364 2435 oneretur
380 2381 522 2450 quisqusm
542 2379 609 2431 ultre
627 2393 698 2430 suem
726 2387 805 2429 reteru
830 2375 883 2427 dini
908 2387 1001 2446 quest,
1050 2386 1138 2429 seetur
1156 2375 1270 2446 propris,
1289 2377 1328 2428 rel
1348 2375 1415 2428 eliee
1432 2392 1608 2444 qneeournque
1625 2393 1667 2429 res
1685 2375 1867 2447 inipsiuspe·

183 2467 307 2534 quonism
326 2481 369 2516 ees
387 2465 503 2517 elienuus
522 2473 583 2516 ente
601 2461 773 2515 beereditstis
790 2458 948 2512 diuisionem
960 2462 1004 2514 de·
1051 2461 1179 2513 triusonio
1197 2460 1366 2530 perulieriter
1383 2460 1481 2512 dudum
1501 2461 1669 2514 eonstitutse.
1685 2457 1776 2532 Neque
1791 2463 1866 2514 euius

181 2547 342 2616 dunensium,
360 2561 384 2602 et
402 2564 435 2600 es
454 2565 485 2600 eo
503 2547 620 2610 demum,
638 2545 709 2616 quod
727 2553 819 2608 restet,
838 2551 893 2596 rete
913 2543 1003 2598 bsere·
1050 2545 1148 2604 beeres.
1166 2547 1212 2614 qni
1230 2563 1304 2598 suem
1324 2555 1406 2598 retem
1420 2566 1433 2596 ι
1448 2533 1569 2596 debitore
1582 2543 1759 2600 beerediterio
1778 2553 1869 2616 postn-

182 2628 277 2683 ditntis
294 2631 459 2685 uestimende
478 2629 523 2696 eit,
544 2629 720 2699 beeredesque
735 2627 788 2680 sibi
807 2625 938 2694 impostore
956 2628 1003 2678 de·
1049 2631 1095 2694 ist,
1115 2631 1230 2682 sliennm
1249 2628 1312 2696 quid
1331 2639 1374 2679 sut
1393 2643 1534 2680 commune
1553 2628 1626 2696 petit,
1645 2629 1690 2680 sed
1710 2631 1791 2683 dere
1809 2645 1867 2699 pro-

182 2711 273 2777 beent,
289 2717 360 2785 quod
379 2729 423 2767 ees
441 2715 558 2767 stienssns
578 2732 631 2767 nnn
650 2715 725 2782 prins
743 2709 922 2772 dedisseriut,
945 2726 1000 2762 nou
1050 2715 1108 2782 pris
1127 2711 1260 2781 disponit,
1278 2710 1311 2762 de
1330 2728 1379 2780 qus
1399 2727 1463 2762 sene
1480 2711 1617 2763 liberrime
1636 2712 1745 2768 cuilibet
1764 2731 1867 2785 compe·

182 2795 269 2861 rideo,
286 2815 333 2851 eur
350 2800 414 2852 beee
432 2800 531 2850 esntele
551 2815 605 2850 unu
624 2793 897 2850 rotonensium.
911 2791 1001 2862 Stryl.
1052 2797 1084 2848 tit
1104 2794 1261 2865 disponendi
1282 2805 1399 2862 potestus
1415 2792 1436 2845 i.
1454 2793 1499 2846 21.
1516 2811 1539 2847 o.
1558 2795 1686 2849 mundati
1700 2796 1719 2849 1.
1738 2799 1781 2851 2³.
1799 2809 1826 2852 et
1842 2801 1860 2854 i.

181 2883 280 2937 tuntel.
299 2891 429 2935 eontrnet.
445 2900 473 2951 p.
494 2881 556 2932 tis.
577 2878 704 2948 Csrpuor.
727 2895 755 2947 p.
782 2878 807 2928 li.
833 2875 912 2928 dreis.
938 2875 1001 2928 2⁹2.
1048 2877 1125 2949 suff.
1145 2880 1217 2932 der.
1235 2895 1263 2930 o.
1284 2877 1374 2931 Simili
1396 2877 1490 2942 modo,
1508 2879 1530 2930 sl
1561 2881 1695 2948 quentites
1720 2879 1864 2937 divisibilis

180 2967 250 3018 bles.
267 2983 296 3033 p.
315 2964 338 3018 d.
358 2967 438 3018 deris.
457 2965 500 3018 (id.
522 2965 659 3016 Proeterre
673 2965 696 3014 si
712 2959 792 3014 liberi
805 2959 935 3013 debitoris
947 2961 999 3025 iem
1048 2960 1166 3029 deposito
1184 2969 1211 3012 et
1230 2977 1279 3029 pro
1297 2977 1343 3012 sus
1362 2961 1499 3030 pertenui
1519 2960 1659 3015 beereduos
1678 2965 1806 3030 restitute,
1819 2965 1865 3020 bio

182 3051 235 3104 sint
253 3052 338 3119 instes
356 3050 450 3104 eetetis
469 3060 497 3102 et
515 3051 688 3117 melurennes,
707 3047 822 3099 ereditur
839 3059 929 3096 eoruus
953 3043 1000 3097 ob·
1048 3045 1158 3114 reliquie
1177 3043 1247 3098 nibil
1266 3045 1460 3107 eommuniost,
1486 3043 1547 3098 lieet
1571 3063 1661 3100 eorum
1690 3049 1776 3108 portio
1801 3065 1863 3104 osso

180 3135 335 3204 ligetioueos
354 3133 383 3188 in
402 3134 514 3188 solidum
534 3147 594 3186 enm
613 3147 737 3202 expresse
751 3127 892 3180 divisionis
906 3143 1001 3180 renuu-
1048 3129 1165 3198 perierit,
1182 3128 1244 3199 quis
1263 3145 1316 3180 uon
1335 3127 1388 3179 nisi
1407 3145 1487 3180 sunm.
1500 3129 1609 3198 recepit.
1630 3131 1681 3185 Du.
1700 3132 1862 3204 Seboepller.

186 3219 303 3275 eletione
322 3229 348 3274 et
366 3219 562 3290 subscriptione
580 3217 687 3288 proprie
711 3215 764 3267 sibi
790 3211 934 3266 enneitiot.
959 3209 999 3260 lte
1038 3211 1605 3283 ffidepne.nues.1³.i’seutsbadffi
1629 3216 1692 3271 eod.
1718 3235 1793 3271 nu..
1818 3219 1868 3272 ιι.

180 3305 253 3357 euin
273 3321 333 3358 essin
354 3314 427 3372 petre
443 3300 507 3357 fient
525 3301 610 3355 eurrei
629 3297 759 3353 debendi.
780 3294 917 3362 Eiusmodi
944 3292 998 3346 ior·
1047 3297 1168 3351 Leniat).
1185 3297 1244 3350 eod,
1256 3297 1281 3368 5.
1295 3296 1319 3350 2,
1332 3297 1398 3350 ..1

180 3387 252 3450 ΙιιιιιΙι
269 3385 436 3456 obiipstionis
452 3393 525 3438 estet
543 3385 571 3438 iu
590 3382 656 3438 setis
674 3381 704 3435 G.
723 3384 758 3435 H·
782 3390 873 3434 enutre
898 3378 932 3430 tt.
959 3391 997 3429 oo·
1094 3379 1119 3450 5.
1138 3378 1183 3432 11.
1201 3381 1272 3432 iisse
1289 3377 1388 3432 divisio
1411 3379 1589 3450 quentitetnns
1614 3379 1706 3452 lepslls
1729 3381 1758 3435 iss
1783 3383 1895 3455 lepus

180 3485 237 3523 rese
257 3469 421 3541 preeiseturs
444 3464 729 3534 eebsrerteenberpesssi
749 3461 889 3523 seutilstis,
906 3468 934 3512 et
951 3477 996 3513 uu·
1043 3479 1147 3532 quque
1164 3459 1285 3514 leudinus
1305 3462 1413 3515 muitum
1440 3462 1518 3515 bebet
1545 3463 1690 3518 momenti.
1713 3465 1860 3523 liestltutio

178 3570 227 3623 per
243 3554 383 3608 edmodum
401 3555 463 3622 ipse
479 3551 569 3604 eedem
587 3549 686 3602 eenteis
702 3563 767 3600 usus
784 3563 840 3598 sere
867 3545 897 3596 iu
920 3559 996 3596 nense
1045 3545 1116 3598 enisu
1135 3545 1246 3598 missoris
1265 3545 1374 3616 reliquie
1393 3546 1590 3614 meioreunibns
1614 3550 1694 3603 soeiis
1718 3569 1770 3606 nou
1796 3573 1856 3624 pro-

183 3637 215 3690 6.
233 3638 266 3690 tt.
291 3640 333 3694 W.
352 3647 447 3692 eonem
467 3637 504 3690 11.
523 3635 561 3688 ΙΙ.
580 3637 670 3701 rigore
687 3630 764 3699 buius
785 3630 856 3699 pseti
880 3624 996 3696 Gerpro·
1044 3629 1102 3685 dest
1131 3631 1153 3682 si
1174 3631 1242 3684 eires
1261 3633 1448 3701 quentiteteus.
1471 3649 1535 3701 ques
1555 3634 1664 3686 omniuo
1688 3635 1794 3690 dividuo
1808 3649 1857 3705 est,

180 3723 217 3777 rli
237 3735 261 3776 et
279 3725 362 3778 bleeii
381 3723 520 3776 dissensus
537 3721 668 3783 evitetur,
688 3717 765 3770 medo
782 3713 996 3766 eireurnrtentise
1045 3712 1123 3768 ieteie
1145 3714 1248 3785 eliqood
1274 3728 1409 3785 processus
1423 3726 1586 3769 momentum
1601 3713 1680 3772 luerit
1698 3722 1856 3792 neglectum,

180 3825 256 3862 osum
276 3810 353 3876 buius
370 3807 502 3860 eleueuise
517 3803 666 3857 edmittenu
684 3807 772 3870 potest
782 3805 808 3852 et
824 3795 935 3852 oieusoie
954 3813 995 3849 oo·
1044 3799 1178 3868 siquidem
1205 3799 1234 3850 iu
1259 3797 1322 3850 solis
1347 3797 1433 3850 esuris
1455 3797 1602 3850 individuis
1628 3801 1739 3854 minoris
1753 3807 1858 3861 restitu-

179 3893 295 3947 dieilieri
313 3891 410 3958 sdieete
428 3887 645 3942 dissentientium
662 3879 992 3948 otteostoutnst.csepe.
1044 3882 1081 3935 tin
1103 3882 1198 3950 mejeri
1223 3881 1293 3934 soein
1316 3881 1396 3934 simul
1415 3882 1538 3934 eonsulit.
1563 3882 1580 3935 l.
1604 3903 1651 3936 urs.
1676 3902 1697 3938 e.
1709 3887 1736 3941 ri
1744 3889 1772 3942 iu
1787 3909 1858 3946 ones.

179 3978 200 4034 l,
218 3997 241 4032 e.
266 3981 317 4032 Per
334 3976 493 4028 indirectum
518 3971 616 4023 divisio
640 3965 810 4035 obligetionis
834 3963 993 4034 hypotheses
1043 3985 1108 4020 mun
1143 3984 1225 4022 enum
1249 3965 1278 4019 irs
1303 3967 1400 4034 integr.
1423 3977 1484 4018 rese.
1505 3977 1558 4036 pet.
1584 3967 1658 4037 Quse
1683 3987 1744 4022 sero
1766 3962 1893 4028 eeusse¹

180 4061 369 4114 constitutione
388 4059 551 4129 impeditur.
569 4053 697 4123 Quisquis
721 4052 793 4103 euim
821 4049 992 4121 bypntbeoem
1043 4049 1166 4104 diridoee
1187 4049 1241 4104 siut
1262 4049 1302 4102 sel
1325 4048 1480 4101 indlriduse
1500 4064 1531 4101 ex
1548 4048 1651 4114 obiectu
1673 4063 1698 4104 et
1717 4068 1746 4105 re
1759 4069 1856 4111 nonrm-

182 4147 347 4214 pnssederit,
371 4143 402 4197 ed
433 4141 584 4196 tridendem
611 4137 781 4207 byputbeeem
805 4134 992 4204 oompelletur,
1044 4149 1116 4186 rerse
1139 4145 1178 4186 est
1196 4131 1389 4186 sestimeudnm
1413 4133 1855 4210 seeundumereeliain.Soboepi.

147 4230 234 4292 putei
253 4230 310 4296 ipse
340 4228 402 4281 relit
427 4227 543 4279 solidum
570 4233 722 4292 preestsre.
748 4219 801 4288 ipsi
823 4235 838 4270 e
862 4219 993 4269 eootmrio
1038 4215 1075 4282 ff.
1102 4217 1135 4269 de
1153 4216 1251 4268 minor.
1277 4234 1350 4270 unm.
1369 4216 1394 4268 8.
1418 4235 1444 4284 p.
1469 4214 1531 4268 121.
1561 4217 1613 4271 Sed
1638 4221 1731 4270 exoett.
1755 4221 1801 4276 dn.
1826 4222 1853 4277 d,

180 4313 304 4365 bseredes
322 4329 368 4364 suo
387 4323 471 4380 pecto,
489 4327 541 4379 qno
559 4307 637 4360 solidi
657 4304 845 4371 obligationem
865 4303 893 4352 in
912 4315 992 4352 onore
1045 4301 1149 4370 Berper.
1176 4303 1213 4356 nd
1235 4301 1361 4356 loreterb.
1385 4301 1419 4353 de
1440 4299 1540 4355 minor.
1566 4301 1643 4358 verb.
1666 4303 1853 4378 individuep,

180 4396 295 4464 ,liquem
314 4395 500 4454 cohaeredem,
525 4391 568 4458 qut
598 4389 660 4441 dein
687 4386 752 4439 forte
779 4384 854 4438 bonis
879 4384 991 4450 inbitur,
1045 4389 1105 4440 109.
1128 4385 1310 4456 benigniorem
1324 4385 1408 4437 edbne
1427 4403 1475 4456 pro
1495 4387 1607 4440 minoris
1622 4389 1700 4441 soeiis
1714 4388 1783 4448 lom
1798 4415 1853 4452 300.

181 4483 331 4547 conferunt,
347 4482 424 4548 eique
440 4477 468 4528 iu
487 4475 731 4542 compensetiunem
750 4469 830 4522 etism
853 4469 936 4534 trtejus
954 4468 994 4520 lu·
1044 4470 1175 4533 tentism,
1196 4485 1254 4522 eum
1277 4487 1329 4520 uon
1352 4469 1385 4520 ed
1411 4485 1467 4520 reus
1492 4469 1518 4521 ln
1545 4469 1672 4530 iudicium
1698 4474 1854 4552 deduotsns,

181 4585 254 4622 rrum
276 4567 402 4627 tribuunt,
421 4559 547 4616 creditori
568 4572 620 4608 non
647 4563 757 4617 noeent,
782 4552 827 4604 sed
855 4561 941 4620 potest
969 4553 993 4604 is
1043 4551 1149 4607 disidue
1173 4568 1206 4604 eu
1231 4551 1371 4606 iudiridus
1394 4551 1446 4615 sit,
1468 4551 1665 4620 respiciendum
1693 4569 1786 4626 poter,
1810 4583 1852 4618 η.

143 4632 146 4643 ⁸
179 4652 356 4707 nibilominus
375 4668 388 4701 ι
408 4644 520 4714 singulis
545 4639 702 4693 bseredibus
726 4648 794 4688 retes
809 4647 906 4706 petere,
919 4637 994 4707 qulp-
1045 4655 1102 4692 rum
1126 4638 1158 4689 sd
1182 4639 1271 4708 ipsum
1299 4635 1383 4699 lutsle,
1407 4635 1476 4704 qnod
1500 4637 1610 4690 omniun
1623 4638 1790 4700 individuum
1805 4664 1853 4717 per

181 4751 214 4806 pe
226 4753 284 4786 oum
299 4745 403 4784 eatenus
415 4731 525 4782 omniun
539 4721 685 4777 meuserint
696 4722 802 4790 otsttput
822 4735 869 4772 nee
881 4720 992 4774 eliorum
1044 4743 1072 4778 se
1090 4725 1208 4779 bibetur.
1222 4723 1294 4774 ilino
1317 4722 1445 4789 sequitur,
1456 4722 1650 4773 restitutionem
1672 4725 1784 4781 minoris
1796 4733 1852 4786 elr-

180 4829 255 4890 pecte
268 4819 332 4870 eliis
345 4825 465 4869 nooeent.
481 4811 512 4865 B.
530 4811 575 4864 du.
590 4809 693 4879 siuet.
717 4808 752 4861 de
768 4817 842 4864 eunt.
858 4815 991 4861 eentreot.
1043 4827 1071 4862 ee
1094 4809 1212 4878 neglecte
1234 4804 1321 4860 ietelie
1345 4823 1448 4875 semper
1472 4806 1617 4874 mejorenoi
1635 4809 1706 4861 soeio
1719 4815 1850 4879 prodesse,

125 4911 129 4920 ·
178 4915 239 4957 mr.
256 4903 280 4954 tt.
291 4919 346 4972 cap,
360 4901 384 4954 1,
398 4907 420 4961 ς.
433 4898 457 4952 b.
1042 4893 1130 4945 Setius
1152 4908 1214 4960 erpo
1238 4890 1297 4952 erit,
1323 4891 1500 4955 mojorennrro
1525 4889 1665 4956 sepsretim
1695 4889 1887 4972 nourenire,⁸

145 4989 161 5040 1
215 4995 238 5048 t.
257 4987 302 5036 tt.
324 4983 533 5049 dotiseqnoque
551 4974 659 5028 nomine
676 4973 808 5042 sutipso
825 4972 881 5036 iure
898 4973 989 5024 ltedi·
1041 4995 1074 5029 ne
1099 4977 1261 5032 restitutione
1285 4975 1349 5026 soeii
1377 4973 1489 5028 minoris
1513 4972 1588 5026 litem
1616 4973 1662 5028 diu
1689 4974 1850 5054 frustretur,

179 5070 234 5125 eise
254 5071 323 5120 inter
342 5049 429 5134 pidree
445 5060 608 5122 eobseredes,
627 5069 652 5111 ut
669 5057 741 5110 nulle
758 5071 823 5126 opus
838 5055 992 5109 eitdisisin·
1043 5074 1066 5116 et
1084 5079 1099 5114 e
1116 5061 1248 5116 eontrario
1266 5060 1381 5131 prodest,
1405 5063 1427 5111 si
1452 5057 1510 5112 beri
1536 5057 1633 5126 possit,
1656 5075 1786 5119 essnmere
1810 5083 1851 5122 ω.

178 5175 221 5210 ne.
240 5156 345 5220 sinuitt
365 5151 447 5218 igitur
464 5163 523 5201 sues
541 5159 609 5199 retes
627 5147 733 5212 eripere
750 5141 915 5195 debitoribus
934 5158 993 5211 pos·
1042 5150 1112 5201 oium
1137 5147 1284 5209 minorem,
1309 5155 1336 5198 ut
1359 5144 1437 5210 liujus
1463 5139 1601 5196 benefieiis
1621 5143 1784 5201 simulentur
1797 5167 1852 5204 me.

178 5251 247 5302 sunt,
265 5239 368 5290 etiemsi
390 5229 577 5284 berreslitstem
597 5231 680 5297 ipssm
694 5227 810 5278 ttottrlttttt
825 5223 924 5276 inerint
938 5240 993 5292 pst·
1044 5234 1161 5301 jorennls
1183 5231 1295 5285 iruetur:
1312 5229 1351 5282 rel
1375 5230 1461 5296 potios
1487 5226 1579 5281 oedere
1600 5227 1730 5283 sotionem
1744 5231 1852 5302 minori,

144 5321 235 5393 grid,
253 5321 306 5370 insu
325 5319 384 5369 lieet
400 5315 508 5384 quidem
530 5313 616 5364 nolint
634 5311 761 5361 dividere.
779 5308 931 5376 ansssmodi
955 5323 996 5358 ee·
1044 5318 1088 5384 qul
1111 5315 1203 5385 pendet
1219 5316 1396 5374 restitutione,
1409 5310 1559 5379 fructusque
1572 5312 1697 5368 rintorise
1707 5333 1765 5368 onus
1780 5317 1853 5374 suein
1942 5339 1949 5352 ·

181 5419 224 5454 sus
242 5399 348 5467 Lipsiee
364 5397 467 5458 extitit,
483 5394 527 5446 ubi
548 5394 568 5444 l.
585 5395 623 5445 ld.
644 5410 720 5445 enno
736 5391 816 5443 1705.
829 5393 931 5443 reiietis
946 5393 994 5444 tri·
1047 5399 1193 5467 Μὶοῃῃῃὶ
1208 5407 1234 5450 ,r
1245 5399 1355 5450 cedetne
1367 5395 1560 5448 communicare
1577 5407 1672 5467 poteri,

177 5487 226 5541 bue
245 5482 410 5544 beeredibus,
427 5489 510 5532 uxore
528 5495 624 5548 nempe
639 5489 664 5530 et
685 5477 783 5529 dnsbns
807 5473 912 5528 fitieboe
928 5512 935 5537 ,
954 5476 993 5528 ri·
1081 5485 1105 5555 ξ,
1130 5486 1171 5537 ιι,
1189 5485 1263 5544 June,
1280 5490 1310 5533 ut
1329 5480 1496 5542 audirimus,
1514 5479 1584 5536 inter
1607 5483 1695 5550 piures
1720 5479 1854 5534 debitores
1871 5506 1888 5559 ¹

177 5571 243 5622 *lm
261 5565 400 5638 Pilllssfllb
420 5563 596 5626 ¹⁰¹'llbflli1‘s
616 5561 724 5614 '’²⁰¹³ss
749 5561 843 5614 ἨΜ
866 5559 895 5610 5⁰
922 5569 996 5613 ¹0⁸¹&
1046 5567 1297 5640 ipsesqnsutitetes
1319 5563 1490 5616 distribuunt.
1506 5561 1575 5617 ttoni
1595 5583 1656 5619 sero
1679 5563 1852 5619 sutoriiseul·

177 5666 266 5710 insuto
283 5651 386 5706 nontin
412 5651 494 5720 iurste
513 5644 717 5721 speeitieuions,
732 5647 780 5700 snb
798 5661 882 5720 posu·
901 5643 996 5701 ”ltet-
1046 5666 1084 5709 ιιι
1110 5651 1194 5708 dende
1214 5660 1300 5706 onotre
1323 5665 1404 5703 unum
1421 5645 1567 5704 debitorem
1591 5647 1701 5704 solidans
1723 5661 1852 5703 summunt
