4352 6226
2 1379 14 1415 i

198 301 253 358 ιιι
627 285 1271 368 crotonensetrcsensrnrtrno
1286 287 1352 354 aro:
1719 302 1774 376 err

143 399 273 472 puberem
291 411 483 469 concurrere,
501 409 536 466 ιι,
545 410 636 465 centra
653 403 767 476 elrpsam
785 399 890 455 restitui
914 399 966 454 mi·

145 499 239 538 uorem
258 483 365 536 scimus.
383 483 488 540 Garrtelr
504 504 568 558 ergo
590 498 647 556 est,
671 485 814 543 transferre
837 484 965 547 actionem

146 553 177 619 ln
197 567 313 622 minores
331 581 379 636 per
397 569 560 636 ecastooeca,
578 583 604 628 ιι
617 571 662 628 liti
680 571 702 626 ai
722 567 781 625 cert
800 577 902 640 potest,
920 567 966 621 ad·

147 651 260 704 reiscere
276 659 425 704 consortem
445 661 547 709 tenerae
571 656 683 721 aetatis,
708 664 738 706 ot
763 653 812 706 bno
837 649 968 713 beneficio

146 748 195 806 per
212 735 423 805 consequentiam
443 739 590 806 majoreoni
611 737 664 794 irui
681 738 769 792 liceat.
787 737 852 790 Siue
864 737 966 808 princi·

148 816 253 891 piorum
272 819 340 884 jocis
363 819 514 896 cognitione
537 833 625 876 antem
652 841 680 878 se
703 822 836 893 applicare
860 821 969 876 cautetts

149 916 215 970 opos
234 903 323 956 minus
342 919 496 974 prosperum
515 915 563 958 est.
582 906 633 960 Eae
652 920 737 962 tameo
755 906 885 972 cautelae,
902 921 970 976 quae

149 984 307 1038 remotiores
333 987 475 1040 continent
499 989 679 1045 conclusiones
704 999 749 1044 aot
775 1007 808 1044 ex
836 990 968 1045 cartorum

149 1067 345 1143 principiorum
365 1071 552 1138 conjunctione
572 1085 716 1145 temperata
743 1077 845 1141 fluunt,
867 1082 912 1129 aut
935 1074 968 1129 ot

146 1151 216 1222 juris
233 1153 307 1205 dubii
329 1165 354 1206 et
371 1161 532 1212 controrersi
558 1159 724 1216 decisionem
743 1170 881 1232 spectant,
907 1169 970 1212 ⁸⁰⁰⁸

149 1235 259 1290 inrecto
277 1234 466 1304 difficiliores,
483 1259 542 1296 cnm
561 1244 699 1312 cujuslibet
719 1245 821 1316 ingenii
835 1244 903 1301 ecies
915 1259 969 1296 nott

150 1319 180 1376 iu
200 1323 277 1372 istam
297 1340 379 1392 oeque
396 1325 619 1396 longinquitatem
644 1337 690 1384 ant
714 1331 884 1384 latitudinem
910 1344 967 1400 pto·

150 1405 257 1474 spiciat.
274 1407 332 1476 Qua
350 1424 383 1459 ex
401 1425 477 1461 crura
497 1409 574 1466 nobie
590 1431 694 1482 quoque
708 1415 809 1469 reniam
824 1431 971 1478 exoramus,

150 1487 173 1538 si
193 1503 245 1538 non
264 1505 358 1541 omnes
377 1507 425 1544 nee
443 1491 596 1546 subtiliores
615 1511 722 1562 semper
742 1498 867 1563 indagare
884 1509 970 1549 eante·

25 1638 29 1655 ‚
111 1564 188 1622 bias
206 1573 288 1624 caluit
307 1575 417 1643 ingenui
440 1578 564 1632 tenuitas.
583 1579 697 1634 Limites
718 1580 796 1648 bojus
815 1581 970 1652 dispchtio·

149 1653 193 1706 nis
212 1655 282 1708 intra
300 1659 459 1727 quantitates
477 1677 601 1728 processo
625 1664 698 1718 cirili
724 1664 887 1721 ventilandae
911 1666 972 1720 snb·

148 1737 256 1815 sistent,
274 1756 333 1792 cum
353 1750 380 1794 ct
399 1742 427 1794 lsi
447 1743 498 1813 ipsi
518 1740 586 1798 lines
604 1748 655 1816 iam
677 1759 732 1800 tom
746 1749 891 1817 ampliores
902 1750 970 1814 sint,

147 1838 226 1890 quarn
246 1832 273 1876 nt
292 1841 337 1878 eos
356 1825 399 1877 bis
426 1829 582 1896 paginarum
608 1833 739 1898 augustiis
763 1834 869 1889 emetiri
895 1829 959 1885 anili

108 1906 132 1961 '1
148 1904 249 1958 eienter
267 1906 353 1961 lieeat.
372 1909 488 1978 Apparet
508 1924 610 1976 antem,
627 1915 660 1970 ad
687 1932 839 1984 processum
862 1916 961 1984 judicia

146 1991 218 2042 riom
238 1991 368 2060 respicere
387 1992 436 2046 boc
455 1994 554 2049 tbema:
574 2014 713 2066 omnemne
730 2001 884 2068 ergoetiam
898 2000 926 2052 in
941 2017 972 2052 eo

146 2073 306 2140 explicando
324 2074 446 2128 ordinem
466 2093 612 2146 processus
633 2085 721 2150 Quare
746 2085 834 2154 primo
860 2086 917 2138 loco
939 2084 970 2138 li·

146 2155 213 2210 belli
231 2161 433 2230 conceptionem
445 2164 514 2216 eirca
527 2165 701 2233 quantitatem
715 2168 895 2230 lustrabimus,
906 2185 971 2238 quae

148 2243 260 2298 materia
278 2246 397 2297 omniurn
417 2259 457 2299 est
475 2251 640 2319 amplissima
658 2262 684 2306 ee
701 2249 724 2322 §.
745 2253 788 2306 l'l.
801 2254 970 2324 comprehen-

148 2325 230 2383 ditur.
248 2329 317 2380 Dein
336 2331 539 2400 exceptionibus
556 2335 675 2398 omissis,
693 2353 759 2404 quae
778 2334 857 2388 laeile
876 2355 922 2405 per
942 2353 970 2390 se

148 2421 253 2482 patent,
273 2413 294 2464 si
314 2425 385 2466 actor
405 2415 432 2468 in
451 2414 544 2467 libello
564 2434 616 2468 non
635 2417 813 2474 obsecraverit
830 2431 900 2473 recte
919 2437 970 2476 too·

1015 392 1118 462 indicio
1135 393 1195 464 quis
1213 403 1316 464 poscat,
1335 391 1459 450 venditor
1477 400 1578 457 tantan
1596 398 1713 472 mettun
1730 407 1777 462 ιιι
1788 419 1833 479 μοι·

1016 481 1176 543 studiturus,
1193 491 1319 550 quantum
1338 481 1457 550 emptori
1477 481 1599 553 iniquom
1617 486 1834 548 ridebitue.P01.

1015 573 1056 618 est
1071 563 1179 633 quidem
1200 564 1251 616 ista
1269 565 1309 618 rei
1327 564 1426 622 renalir
1442 565 1593 622 aestimatio
1610 569 1644 624 ad
1662 570 1726 630 boni
1743 583 1773 630 et
1788 594 1833 648 pa-

1017 647 1066 700 riti
1084 649 1133 700 riri
1154 649 1193 700 rei
1209 648 1309 716 judicis
1333 649 1479 704 arbitrium·
1500 651 1606 721 reduci,
1626 657 1724 722 mpltae
1744 667 1835 716 tamen

1017 749 1049 786 ex
1069 742 1179 802 utraque
1196 745 1269 804 parte
1284 736 1406 803 querelae
1424 735 1585 792 intercedent
1603 748 1631 792 et
1647 739 1785 796 diuturnae
1800 745 1839 799 ai·

1018 817 1182 870 terrationes.
1206 816 1239 873 dt
1261 817 1327 870 illud
1349 821 1483 890 pretium,
1503 821 1573 889 qnod
1597 831 1687 878 mutuo
1704 841 1833 884 consenso

1018 899 1049 952 ab
1068 901 1146 955 initio
1169 901 1258 954 rtatim
1283 902 1474 958 constituerunt
1497 904 1698 967 contrahentes¹
1716 912 1834 981 aequiori

1020 984 1109 1039 animo
1128 992 1155 1036 et
1174 994 1308 1054 praestent
1325 994 1353 1038 et
1376 987 1516 1056 accipiunt·
1535 989 1654 1044 Praestat
1678 1009 1739 1063 ergo
1757 991 1873 1063 quanli

1021 1070 1124 1124 titatem
1140 1071 1166 1124 in
1180 1070 1253 1125 omni
1265 1071 1370 1140 negotio
1386 1071 1543 1142 obligatoric
1554 1075 1731 1134 determinare
1747 1079 1836 1136 statim

1019 1171 1032 1204 ι
1046 1152 1199 1222 principio,
1212 1154 1268 1208 alre
1281 1156 1395 1224 pretinm
1412 1155 1470 1212 sire
1489 1158 1637 1215 mercedem
1655 1171 1701 1214 aut
1713 1163 1837 1218 salarium

1019 1247 1060 1285 res
1072 1247 1217 1290 concernat.
1230 1235 1320 1291 sartos
1331 1238 1404 1292 enim
1421 1250 1476 1305 est,
1489 1239 1523 1294 ab
1536 1240 1615 1296 initio
1627 1261 1680 1298 nou
1696 1248 1839 1300 onerenire

1020 1335 1067 1372 nee
1084 1322 1343 1394 contmhere,quam
1354 1324 1383 1376 io
1397 1321 1452 1378 bne
1470 1325 1614 1381 dissentire
1622 1337 1651 1382 et
1668 1329 1839 1385 contendere.

1022 1405 1103 1472 igitur
1120 1407 1193 1460 omui
1206 1423 1287 1477 opere
1298 1409 1487 1464 certitudinem
1504 1411 1645 1481 quantitati
1664 1413 1693 1463 in
1711 1411 1840 1481 judicium

1020 1487 1188 1544 deducendae
1205 1492 1310 1547 stodeat
1328 1493 1476 1550 conciliare
1492 1505 1565 1548 actor
1589 1495 1674 1565 quoad
1692 1497 1840 1563 actionem,

1021 1585 1080 1622 reus
1104 1575 1187 1639 quoad
1213 1579 1414 1646 exceptionem,
1438 1588 1578 1649 autequam
1608 1578 1725 1646 iudicem
1755 1580 1838 1634 adeat.

1022 1651 1148 1710 suadebit
1159 1655 1222 1708 inde
1239 1659 1379 1712 advocatus
1396 1659 1504 1724 clienti,
1518 1671 1547 1714 nt
1565 1663 1734 1716 dissimuleto
1747 1663 1838 1718 animo
1855 1655 1874 1710 ⁶

1020 1750 1167 1804 processum
1186 1740 1335 1796 intentaodi
1351 1743 1391 1796 rel
1408 1743 1467 1812 ipse
1483 1747 1523 1799 rel
1541 1763 1589 1816 per
1606 1747 1721 1812 arcione,
1736 1745 1840 1801 iuturus

1019 1822 1085 1874 olim
1107 1832 1201 1888 testes,
1218 1841 1277 1878 cum
1299 1827 1449 1880 adversario
1474 1845 1523 1880 saro
1542 1829 1575 1882 dc
1596 1831 1741 1898 quantitate
1758 1831 1841 1886 debitl

1021 1905 1099 1969 pretii
1119 1907 1160 1958 rel
1179 1907 1311 1960 mercedis
1328 1909 1442 1979 colloqui
1466 1919 1494 1962 et
1511 1912 1653 1964 conreeire
1672 1922 1798 1978 conetur,
1814 1925 1842 1971 et

1021 1986 1136 2041 remittat
1151 1989 1251 2058 aliquid
1270 1991 1303 2044 de
1327 1991 1386 2059 jure
1404 2008 1467 2057 sco,
1487 2010 1620 2048 morerere
1637 1995 1765 2048 relationi
1783 1997 1840 2049 lon·

1020 2070 1119 2138 giorem
1137 2073 1261 2126 concedat
1280 2077 1383 2143 potins,
1401 2092 1478 2144 quam
1498 2085 1527 2129 ut
1554 2079 1651 2132 inritus
1670 2095 1757 2132 moras
1780 2097 1830 2150 pro

1019 2171 1105 2206 cessus
1125 2157 1205 2210 multo
1225 2157 1359 2226 longiores
1377 2159 1491 2228 patiatur
1511 2177 1571 2212 conr
1595 2162 1692 2229 jactura
1716 2178 1842 2231 expensa·

1021 2255 1095 2304 rum,
1107 2241 1231 2310 qnoniam
1256 2243 1303 2296 bae
1321 2260 1456 2312 nunqnam
1476 2243 1509 2296 ab
1527 2262 1559 2297 eo
1576 2253 1638 2297 sont
1656 2245 1841 2316 restituendae,

1018 2323 1062 2391 qui
1073 2325 1141 2390 juste
1158 2325 1259 2378 ridetur
1277 2326 1373 2380 actoris
1384 2325 1524 2394 quantitati
1539 2328 1840 2398 petitaecontrarlieere,

1020 2409 1047 2459 io
1064 2425 1142 2476 qoam
1162 2409 1220 2477 ipse
1238 2425 1291 2461 non
1310 2419 1485 2464 consenserrt.
1496 2408 1640 2463 Constituto
1654 2429 1716 2464 rero
1733 2411 1841 2466 demum

147 2495 216 2558 nita,
237 2497 406 2566 probationis
426 2502 519 2564 modos
538 2501 706 2554 excutiemus
725 2505 748 2569 ς.
768 2504 812 2556 id.
830 2521 914 2575 aequa
931 2503 972 2558 „d
1018 2501 1087 2541 certa
1102 2491 1186 2544 debiti
1199 2492 1345 2562 quantitate
1358 2491 1472 2552 ieliciuri
1492 2509 1609 2548 successo
1622 2506 1698 2548 actor
1711 2495 1839 2563 iodicium

147 2579 194 2632 22.
211 2579 336 2634 iudicem
363 2579 454 2636 oibeie
474 2601 520 2636 soo
540 2593 596 2636 tum
616 2584 643 2636 in
662 2585 818 2642 absolvendo
838 2595 893 2640 tum
911 2605 969 2640 cco·

147 2663 300 2726 demneodo
318 2665 371 2719 rite
388 2664 607 2738 deiurtgenteln§
635 2669 680 2724 2³.
703 2687 756 2738 aeq·
781 2670 970 2739 spectabimus.

150 2742 273 2817 Denique
292 2747 330 2802 ris
349 2760 375 2802 et
392 2750 498 2805 effectos
515 2753 675 2820 quantitatis
692 2755 762 2808 ciera
787 2755 969 2811 excoctionem

148 2825 235 2964 {qi}
253 2832 422 2892 ostendetur:
443 2835 526 2900 Deos,
546 2847 637 2890 auctor
653 2837 720 2906 juris
738 2847 766 2894 et
783 2840 877 2911 aequi,
902 2839 969 2895 laxit

166 2934 177 2963 e
192 2914 214 2962 io
229 2923 277 2966 ter.

1020 2575 1164 2630 inchoabii·

1053 2657 1075 2730 5.
1096 2661 1122 2711 3.
1138 2658 1229 2730 lieqoe
1255 2679 1317 2715 rero
1336 2657 1455 2726 scilicit,
1472 2663 1647 2734 quantitatem
1674 2663 1714 2717 rei
1736 2661 1840 2719 debitae
1853 2658 1872 2714 ,ί

1019 2745 1046 2796 in
1066 2761 1093 2798 se
1110 2761 1167 2798 esse
1180 2756 1291 2808 certam,
1305 2762 1394 2798 rerum
1408 2756 1480 2800 actor
1497 2764 1599 2817 quoque
1617 2748 1689 2800 illam
1708 2748 1737 2800 in
1756 2748 1839 2801 libelli

1019 2827 1193 2897 conceptione
1211 2829 1350 2897 designare
1368 2829 1506 2900 perspicue
1523 2831 1616 2884 denar:
1634 2831 1702 2901 quod
1722 2831 1750 2884 iu
1770 2833 1827 2886 excl

1020 2911 1116 2981 piendo
1142 2911 1220 2962 etiam
1248 2911 1359 2974 imitari,
1376 2927 1421 2965 reo
1446 2913 1577 2966 oonrcnit.
1604 2914 1744 2984 Quomodo
1768 2915 1877 2969 enimi

113 3005 130 3059 g
189 2997 258 3068 μ.
279 2997 499 3067 Quamprimum
519 3001 805 3058 adaooaruaacttama
831 3005 969 3076 dmm.
1019 2996 1096 3062 judex
1114 2991 1252 3051 defiuitlre
1269 2995 1444 3048 condemnare
1460 3011 1550 3063 reum,
1570 2999 1609 3050 rel
1626 2997 1745 3050 eumdem
1759 2998 1838 3052 etiam

148 3079 222 3133 einio
240 3097 331 3132 causae
349 3083 517 3152 corripiendo
536 3084 734 3156 interpelletur,
753 3099 832 3156 ratque
849 3089 969 3145 adaco...
1018 3081 1153 3134 absolrere
1174 3079 1284 3150 poterit,
1303 3081 1325 3132 ai
1346 3080 1386 3133 rel
1405 3080 1433 3132 in
1452 3084 1556 3135 actione
1574 3081 1615 3134 rel
1641 3083 1670 3134 in
1688 3083 1843 3154 exceptione

150 3167 223 3220 rium
242 3164 273 3216 ad
292 3167 483 3234 quantitatem,
509 3187 585 3238 qoam
613 3171 696 3224 cliens
715 3170 800 3240 petit,
818 3174 969 3228 sulrendam

149 3251 281 3320 legitimis
307 3251 434 3305 remediis
452 3254 553 3323 adigat,
573 3265 696 3324 rogator,
715 3259 804 3310 statim
827 3258 970 3322 clientem,

1021 3165 1092 3218 nulla
1110 3174 1181 3216 certa
1200 3164 1331 3233 quantitas
1350 3163 1496 3233 appareat?
1515 3167 1573 3218 ilco
1591 3166 1663 3218 euim
1684 3165 1759 3236 pacto
1776 3185 1842 3221 nors

1021 3258 1079 3318 {rost
1104 3249 1263 3301 sententiam
1289 3241 1454 3300 debuitiram
1480 3258 1507 3301 ct
1529 3265 1585 3300 rem
1615 3248 1756 3316 judicatam
1789 3251 1841 3303 erit

149 3353 184 3390 aaa
203 3335 237 3388 de
253 3344 325 3388 certa
342 3337 490 3406 quantitate
507 3337 540 3390 ab
559 3336 639 3392 initio
663 3357 721 3392 cum
741 3339 891 3398 ,decentio
909 3359 970 3398 coa..
1020 3347 1098 3400 super
1122 3331 1266 3401 quantitate
1284 3327 1485 3383 determinanda
1511 3347 1578 3400 opus
1601 3330 1841 3402 disceptationem

118 3449 122 3460 .
150 3422 273 3485 venerit,
292 3421 454 3490 interroget,
473 3431 503 3472 nt
527 3421 555 3474 iu
575 3423 666 3476 libello
684 3425 861 3492 concipiendo
878 3424 910 3477 ad
929 3442 971 3479 ex·

150 3521 270 3576 pressam
290 3504 356 3557 certi
376 3504 467 3572 quanti
488 3509 690 3560 conventionem
709 3524 851 3576 provocare
868 3509 971 3577 possit,

151 3605 188 3642 rte
205 3588 329 3661 deinceps
347 3589 449 3661 prolixa
469 3590 508 3645 rel
526 3607 663 3658 operarum
676 3592 716 3644 ιιΙ
728 3607 814 3644 rerum
834 3593 959 3646 aestima

150 3673 243 3727 alarum
268 3674 483 3734 enumeratione,
502 3674 650 3740 peritorum
677 3675 811 3728 taxatione
832 3676 928 3743 dubia,
946 3688 974 3732 et

153 3755 267 3810 iortuita
293 3757 390 3825 judicia
413 3755 608 3821 moderatione,
626 3767 673 3822 ιιιιΙ
696 3759 809 3812 erlriteio
833 3762 974 3832 aliqnando

153 3850 277 3910 corrupto
299 3857 366 3910 opus
385 3839 434 3902 sit,
454 3841 526 3893 ouda
551 3842 652 3893 multae
673 3840 879 3912 disceptationes
904 3864 974 3900 rnen·

153 3933 261 3994 ptnosae
278 3940 312 3977 ex
337 3933 449 3993 utraque
467 3935 558 3994 parte,
577 3925 675 3979 incerta
702 3943 748 3995 spe
767 3938 792 3980 et
809 3938 902 3982 erecto
919 3947 973 3982 arn·

115 4009 234 4077 2biguo
255 4016 407 4062 naseuntur.
432 4008 508 4077 Quod
534 4009 621 4078 iprum
642 4027 702 4062 cnm
722 4012 834 4064 Romani
853 4013 972 4066 soimad·

153 4102 301 4158 verterent,
321 4093 348 4144 in
368 4092 547 4164 emptionibus
565 4103 592 4146 et
609 4093 784 4147 locationibus
801 4108 896 4150 certem
916 4117 975 4169 pre.

156 4173 186 4228 tii
208 4175 246 4227 rei
264 4175 393 4228 mercedis
417 4175 587 4242 requirebant
610 4177 806 4245 quantitatem,
825 4181 977 4248 promissio·

156 4256 236 4309 nibus
254 4269 359 4323 sutem,
379 4259 476 4329 quibus
495 4260 568 4312 nulia
586 4269 656 4313 certa
674 4260 809 4328 quantitas
825 4262 976 4318 contineba-

156 4347 216 4405 tnr,
237 4340 288 4391 rim
314 4342 474 4410 producendi
499 4344 628 4398 actionem
663 4341 793 4396 forensem
819 4349 978 4414 regulariter

126 4454 130 4463 =
156 4420 335 4491 denegabant,
354 4441 388 4476 ue
406 4425 512 4479 incertia
531 4427 691 4480 clamoribus
709 4429 906 4497 magistratuum
927 4435 973 4485 tri·

15 4559 17 4590 ,
122 4517 140 4571 3
158 4509 265 4561 bucolia
284 4509 503 4578 inquietarentur.
515 4509 571 4564 Neo
583 4521 730 4565 contractus
749 4515 859 4566 nourinc
871 4514 919 4568 boc
932 4533 974 4569 ncv

137 4593 273 4662 *gotium
286 4609 376 4648 rernm
397 4594 465 4665 pecli
485 4595 550 4648 nudi
569 4597 661 4648 sallem
681 4596 807 4664 gaudebat
823 4598 908 4651 tituto.
920 4598 976 4654 cot-

155 4680 205 4747 leg.
223 4678 302 4748 jeriel.
321 4689 416 4746 argent.
435 4696 463 4730 ιι.
482 4679 525 4732 28.
553 4681 588 4733 de
609 4688 680 4749 poet.
708 4679 761 4733 otc.
785 4677 899 4733 Bacbor.
920 4684 975 4736 col.

157 4763 184 4812 1.
205 4762 272 4834 disp.
298 4763 342 4814 28.
367 4764 436 4814 alces,
461 4763 487 4813 7.
511 4763 549 4816 lr't.
576 4783 603 4818 a.
630 4773 657 4816 et
679 4763 746 4816 thes.
770 4764 796 4814 2.
819 4766 859 4818 Ir't.
884 4766 908 4819 b.
933 4781 976 4819 ee·

156 4840 266 4900 ‘cedente
282 4857 367 4898 autem
388 4855 475 4898 certae
492 4847 650 4914 quantitatis
672 4845 896 4902 determinatione
915 4867 973 4903 con·

122 4947 126 4955 *
157 4917 253 4981 leuetur
271 4929 465 4992 consensualis,
483 4932 527 4999 qui
548 4948 676 4983 consensu
698 4929 821 5000 specifice
849 4935 974 4987 determi-

159 5024 222 5065 nato
240 5009 441 5082 perficiebatur,
461 5014 619 5081 emergebat.
635 5029 679 5082 pr.
696 5012 714 5066 i.
731 5015 763 5068 ele
780 5027 859 5087 canpe.
879 5018 976 5070 cendit.

124 5093 212 5150 iNeo
230 5107 284 5158 est,
303 5098 372 5164 quod
392 5095 451 5146 idco
470 5097 614 5150 Romanam
639 5095 874 5165 jortspeoteottam
894 5101 976 5152 anari·

161 5196 267 5250 mopere
284 5183 469 5249 vituperemus.
481 5180 551 5233 Licet
571 5183 643 5234 enim
657 5183 848 5236 Germanorum
869 5180 934 5236 fides
953 5199 979 5242 et

159 5267 244 5320 enimi
263 5268 409 5319 constantin
429 5266 506 5316 nudis
522 5285 624 5335 qouque
637 5267 718 5336 pactis
731 5279 754 5320 et
769 5267 884 5320 incertae
896 5286 976 5338 quau·

160 5351 241 5404 litatis
259 5350 497 5418 pollicitationibus
521 5348 665 5404 efficaciam
684 5351 774 5420 agendi
802 5353 829 5404 in
851 5353 908 5407 ioco
928 5357 976 5410 ato·

160 5435 223 5487 elom
241 5434 382 5502 tribuerit,
400 5451 476 5488 nemo
496 5443 582 5488 tamen
602 5434 651 5488 ibit
679 5431 801 5500 inficias,
818 5435 892 5490 litem
914 5439 977 5492 inde

1022 3413 1166 3467 decisione.
1178 3411 1347 3484 Nequaqorm
1365 3429 1429 3483 ergo
1445 3422 1517 3470 actor
1536 3415 1671 3485 pecuniam
1686 3418 1714 3469 in
1732 3432 1841 3486 genere,
1860 3415 1878 3473 b

1022 3507 1066 3549 ιιιι
1084 3512 1158 3565 agros
1169 3535 1175 3556 ‚
1188 3506 1230 3547 aut
1250 3496 1339 3563 ligna,
1357 3504 1402 3548 aut
1419 3513 1513 3567 equos,
1531 3506 1577 3552 sot
1593 3514 1658 3554 ores
1673 3500 1732 3554 sine
1750 3516 1841 3555 noma·

1023 3599 1067 3646 ro,
1087 3581 1145 3632 eine
1163 3578 1313 3649 quantitate
1331 3589 1401 3634 certa
1421 3589 1525 3651 poscat,
1540 3581 1595 3636 imo
1615 3597 1664 3635 nec
1679 3593 1764 3636 ratam
1782 3585 1842 3638 sine

1022 3673 1109 3734 quota.
1130 3663 1254 3733 ltioqoin
1277 3665 1398 3734 opposita
1425 3667 1558 3735 generalia
1576 3675 1603 3720 et
1627 3665 1733 3719 obscum
1753 3668 1840 3722 libelli

1023 3747 1179 3818 exceptione
1197 3747 1266 3799 actio
1285 3749 1357 3815 ejus,
1378 3759 1509 3818 tamquam
1529 3751 1618 3820 inepte
1636 3749 1778 3816 instituta,
1796 3769 1839 3807 re·

1023 3835 1137 3904 jicietur.
1162 3831 1303 3884 Pecuniam
1330 3844 1414 3887 tamen
1442 3833 1470 3884 in
1496 3849 1592 3900 genere
1616 3833 1724 3905 quidem
1752 3836 1842 3904 primo

1025 3925 1129 3986 petere,
1144 3913 1240 3966 deinde
1259 3930 1319 3970 rero
1331 3927 1426 3968 certam
1438 3918 1610 3986 quantitatem
1623 3919 1752 3982 subjicere
1771 3921 1844 3976 bisce

1024 4001 1079 4053 lere
1098 3997 1201 4053 serbis:
1231 3996 1336 4068 chger·
1359 4009 1450 4068 roget,
1474 4001 1691 4072 uetotergesrotte
1713 4005 1769 4056 iiim
1790 4007 1842 4060 Be·

1025 4087 1130 4153 klcgter
1158 4098 1213 4134 stur
1240 4081 1413 4150 aderiorffle
1443 4085 1501 4138 ranei
1529 4087 1712 4156 empfcngene
1742 4087 1843 4142 Krurrr·

1033 4174 1151 4226 Wonren
1180 4167 1248 4220 Geid
1271 4170 1330 4222 rand
1353 4184 1425 4224 saror
1446 4169 1508 4222 2⁰⁰.
1532 4172 1606 4224 nott.
1628 4171 1832 4242 reduldig'mor

1027 4258 1078 4309 den
1103 4265 1153 4306 etc.
1174 4254 1203 4305 Si
1222 4253 1361 4319 juramenti
1381 4253 1515 4306 delatione
1531 4265 1605 4307 actor
1623 4273 1716 4307 usurus
1734 4259 1842 4322 sit,er·

1029 4341 1112 4410 pedit·
1134 4337 1201 4392 Nom
1230 4337 1337 4388 dicente
1361 4345 1465 4402 actore,
1486 4355 1559 4391 reurn
1585 4339 1637 4408 ipsi
1662 4339 1760 4393 debere
1784 4341 1844 4394 2⁰⁰.
1871 4355 1876 4364 '

1030 4426 1160 4485 thaleros,
1184 4435 1211 4476 et
1239 4421 1352 4489 desuper
1380 4420 1519 4474 delerente
1539 4425 1735 4492 juramentum,
1760 4434 1841 4479 totana

1029 4524 1086 4562 reos
1105 4523 1234 4558 summanr
1254 4503 1389 4570 abjurabit
1407 4503 1476 4558 sutili
1494 4507 1604 4575 quadam
1632 4507 1716 4562 iectus
1735 4511 1842 4563 mentali

1031 4592 1224 4655 rescrratione,
1242 4606 1273 4642 ec
1290 4591 1312 4644 si
1333 4607 1386 4642 nou
1405 4591 1458 4642 2011
1488 4593 1532 4645 ιιι1
1554 4593 1615 4644 tas.
1633 4591 1702 4646 iorte
1720 4595 1845 4650 deberen-

1028 4692 1076 4735 tur.
1095 4681 1170 4730 lianc
1193 4687 1279 4732 lamen
1304 4675 1437 4730 tattaotau
1464 4677 1547 4747 inepti
1571 4676 1616 4731 isti
1643 4679 1764 4732 immines
1790 4697 1843 4734 nott

1027 4765 1102 4817 imile
1120 4761 1277 4826 admittent,
1290 4761 1312 4813 si
1326 4763 1414 4830 primo
1432 4780 1505 4816 reurc
1525 4763 1634 4830 probro
1647 4767 1685 4818 rel
1700 4765 1744 4819 illa
1758 4783 1845 4822 merce

1027 4849 1162 4919 pecuariam
1183 4845 1250 4898 milri
1270 4843 1365 4898 debere
1386 4843 1588 4900 affirmarerim.
1607 4847 1637 4897 td
1663 4848 1735 4900 enim
1762 4850 1843 4902 etiam

1028 4931 1198 4986 mediocriter
1211 4931 1309 4999 probos
1329 4946 1380 4982 non
1402 4927 1580 4996 inficiabitur,
1594 4932 1715 5002 qnsmris
1727 4945 1845 4986 sotamae

1026 5017 1197 5087 quantitatem
1224 5015 1365 5068 unirersre
1389 5018 1574 5085 negetccujus
1601 5019 1640 5070 rei
1668 5033 1730 5070 ιιιιιι
1756 5025 1779 5078 ς.
1799 5017 1841 5070 ili.

1025 5101 1188 5156 ostendetur.
1201 5097 1228 5151 Si
1242 5107 1314 5152 actor
1326 5115 1401 5167 agros
1418 5115 1491 5150 aeuo
1510 5110 1634 5154 testatore
1650 5100 1759 5154 relictos
1767 5117 1839 5154 renm
1861 5097 1879 5153 d

1028 5186 1163 5254 poeciaiere
1185 5183 1344 5246 contendat,
1368 5199 1415 5235 nec
1437 5194 1497 5252 quot
1522 5193 1567 5237 rut
1590 5185 1686 5253 quibas
1705 5183 1840 5239 limitibus

1026 5269 1221 5340 circumscripti
1241 5268 1313 5331 sint,
1332 5269 1402 5320 clare
1419 5269 1521 5332 edicat,
1541 5269 1709 5338 quantumris
1728 5278 1839 5322 testetu-

1013 5353 1082 5424 *rem
1100 5372 1175 5424 apros
1201 5353 1354 5422 reliquisse,
1374 5355 1543 5420 quantumvis
1569 5372 1644 5406 reum
1663 5371 1740 5424 agros
1758 5355 1841 5425 porri.

1025 5438 1088 5492 dere
1106 5436 1269 5507 probaverit,
1290 5451 1348 5487 rens
1368 5443 1455 5486 tameo
1472 5436 1507 5489 ob
1525 5433 1693 5490 deficientem
1715 5437 1843 5490 determi-

156 5520 366 5600 inextricabilem
400 5518 455 5574 iere
486 5537 643 5589 emergere,
673 5533 810 5590 antequam
840 5524 974 5580 certitudo
1024 5523 1160 5576 nationem
1180 5519 1298 5572 limitum
1318 5528 1345 5572 et
1363 5517 1431 5570 sitos
1449 5536 1497 5586 per
1523 5521 1683 5572 seutentiam
1702 5519 1841 5574 interlocu-

157 5605 310 5678 qaantitatia
326 5605 359 5658 ad
378 5604 508 5673 liquidum
527 5604 676 5659 deducatur·
692 5606 805 5659 sienim
824 5625 918 5678 equum
930 5618 977 5662 ιιι

1026 5605 1120 5660 toriarn
1147 5603 1179 5657 ab
1204 5603 1321 5666 actione,
1340 5611 1417 5672 prout
1438 5601 1572 5667 instituta,
1591 5603 1759 5656 liberabitur.
1784 5603 1841 5658 Etsi

157 5687 270 5744 tiendum
290 5685 338 5757 pro
356 5690 444 5759 pretio
471 5691 515 5744 sed
538 5689 742 5746 indeterminrto
767 5690 926 5764 promissum
946 5691 975 5748 in
1024 5709 1086 5750 rero
1102 5687 1197 5761 judex,
1216 5697 1306 5746 neutra
1330 5694 1408 5759 parta
1425 5685 1503 5742 istem
1520 5686 1676 5760 quantitrtia
1702 5685 1838 5775 incertiqu-

251 5774 357 5848 onytn·
378 5775 438 5830 mr.
457 5776 507 5831 ιι.
