4364 6132
408 167 496 256 ιιι
928 193 1455 250 -ιιιιιιιιιιιοιιιιι,Ι
1910 199 1981 259 ιιι·

350 291 423 344 sibus
440 289 578 355 omnibns,
598 291 636 346 sic
655 289 730 344 etiem
753 289 796 342 hio
816 292 883 356 iusto
908 294 995 360 pretio
1022 307 1080 360 arg.
1098 291 1123 362 ξ.
1142 293 1168 342 2.
1220 289 1328 343 leudulis
1362 305 1493 361 ompeteus
1512 302 1564 358 est,
1590 291 1675 348 serius
1698 289 1849 346 arbitramur
1865 305 1887 347 et
1909 296 1934 348 in
1950 316 2001 367 pos·
2027 323 2049 366 '.

351 375 411 426 inst.
431 375 463 426 de
481 375 530 439 tis,
548 375 593 443 qui
611 375 653 428 sni
669 375 716 426 vel
731 375 766 426 ni.
778 375 836 446 jur.
848 385 913 427 eunt
928 374 1001 426 verd.
1017 375 1093 426 donis
1105 392 1169 430 oon·
1219 374 1331 428 sensorio
1349 376 1460 443 judicem
1481 394 1532 428 non
1546 375 1584 430 rei
1599 377 1679 443 sitae,
1692 375 1736 427 sed
1751 373 1871 428 leudeinus
1882 395 1934 431 esse
1945 397 2004 432 corn·

297 448 333 500 ⁴⁶
351 456 398 507 dit.
417 460 514 510 Verum
534 457 569 509 uti
589 459 640 524 jorn
661 473 737 522 supro
757 457 908 520 innuimus,
935 475 974 508 res
995 455 1105 509 leudulis
1124 459 1168 510 hic
1219 467 1366 526 petentem,
1387 469 1412 512 et
1433 475 1479 526 per
1503 475 1663 527 consequens
1688 459 1735 510 hnc
1754 460 1845 510 intuito
1861 479 1930 528 super
1947 475 2007 516 eom·

352 539 430 590 rendi
449 537 545 591 debere
563 540 718 602 intigens,
743 548 768 590 et
793 539 837 605 qui
862 543 934 606 juste
953 541 1169 592 consuetudinem
1219 541 1334 608 petentia
1353 557 1398 592 sne
1414 542 1528 608 judicem
1550 540 1677 592 lewlalern
1705 553 1852 606 cognoscere
1870 559 1939 610 posse
1954 560 2010 594 asse·

351 632 379 674 et
397 632 486 675 stetuta
506 623 630 674 cliseusie
656 622 726 672 iuter
753 636 828 688 pares
854 624 944 674 curiae
969 622 1053 672 locum
1076 623 1170 674 hebere
1217 623 1301 672 rimus
1319 636 1377 673 cnm
1397 623 1443 674 dn.
1463 624 1548 675 Strui.
1566 635 1593 676 ee
1610 623 1671 674 aliie
1684 621 1722 674 idi
1739 621 1860 688 allegetis
1877 627 1903 676 in
1916 637 1980 692 synt.
1983 625 2008 694 fi

298 692 334 745 Π
352 714 445 775 potest.
462 706 512 758 Sed
526 705 624 772 quidsi
639 715 789 766 extraneus,
809 705 845 754 rel
872 705 916 771 qui
942 703 983 769 jus
1002 704 1169 770 indigenatns
1218 723 1240 756 c.
1262 707 1304 755 lii.
1320 723 1347 756 u.
1365 704 1391 755 4.
1410 723 1436 756 ιι.
1458 707 1601 758 stistte
1628 705 1809 774 sequentibus,
1832 707 1887 773 quis
1910 709 1940 758 ds
1962 699 2050 772 ιιιιιιι

349 790 389 843 ibi
408 806 460 842 nnn
481 789 597 851 heberet,
617 798 643 838 nt
665 788 801 856 proximus
821 797 928 854 agnatus
942 788 969 838 in
985 785 1088 840 lendum
1103 806 1167 840 eeu·
1218 787 1350 838 communi
1370 786 1467 840 leudeli
1486 789 1514 839 in
1533 806 1592 840 ceso
1612 786 1707 839 feudali
1723 790 1757 838 ιιι
1770 801 1923 854 competens,
1941 792 2013 855 pluri·

350 871 511 925 rieolirensi
530 886 681 921 cortoessum
700 866 864 920 succederet?
891 867 927 928 En
954 884 1014 918 casu
1032 869 1172 936 opinemur
1221 869 1268 920 bns
1290 870 1378 921 tradit.
1399 871 1446 923 Ast
1463 872 1567 940 quando
1586 870 1691 922 feudum
1712 871 1739 921 in
1753 871 1836 922 elieno
1848 871 1970 923 territorio
1981 875 2012 924 si·
2048 921 2051 928 ,

351 957 391 1007 ιιι
411 956 561 1021 indigenam
580 951 718 1018 quemdem
739 951 834 1003 debers
855 949 1026 1004 horiendum
1052 953 1091 1003 sel
1116 967 1172 1020 por·
1221 963 1274 1005 tum
1294 971 1309 1007 e
1326 955 1398 1007 cirria
1423 956 1531 1008 elisensi
1559 972 1709 1008 eoncessum
1734 955 1769 1005 nb
1794 957 1891 1022 rnlpam
1915 957 2014 1023 aliquem

347 1041 448 1094 tionem
469 1037 540 1088 ιἰιιιιι
558 1039 626 1102 justo
647 1035 732 1102 pretio
751 1034 897 1096 redimere,
915 1036 996 1086 antei
1010 1034 1171 1098 satisfecere,
1218 1035 1389 1088 commissum
1408 1037 1609 1104 perhibemur,
1626 1049 1651 1089 et
1670 1032 1749 1087 fiscos
1768 1037 1867 1088 domiui
1893 1035 1946 1087 ideo
1967 1055 2015 1104 rge-

351 1133 398 1176 aut
423 1123 492 1190 juste
510 1120 604 1188 peremi
629 1121 670 1184 jue
698 1117 863 1184 indigenatus
889 1134 940 1170 non
966 1134 1022 1170 esse
1046 1119 1172 1188 denegen-
1220 1131 1269 1182 ret,
1288 1121 1355 1188 quod
1374 1118 1460 1173 iorum
1479 1120 1526 1172 lrec
1545 1122 1645 1172 ratione
1665 1119 1771 1172 hebebit
1795 1116 1955 1189 competens?
1978 1103 2058 1171 tii-35

350 1207 423 1269 dume
442 1222 475 1256 ne
493 1203 563 1256 curio
582 1202 621 1253 sel
639 1201 792 1252 nonrosselli
810 1201 898 1251 alieno
910 1201 1080 1270 tlernnoquid
1093 1220 1168 1274 erpe-
1221 1201 1277 1250 deri
1297 1213 1385 1274 posset
1403 1202 1515 1270 judicem
1535 1202 1584 1253 loci
1605 1219 1660 1254 esse
1685 1201 1846 1265 redeundum,
1870 1201 1934 1269 quod
1954 1215 2016 1256 extra

352 1297 408 1341 tere
427 1289 569 1340 ridenntnr.
588 1286 661 1354 Quae
678 1283 762 1335 insius
782 1283 876 1334 deduci
892 1294 1007 1351 possent,
1019 1287 1070 1337 nisi
1085 1288 1172 1355 dispo·
1220 1285 1382 1336 territorium
1401 1285 1501 1336 nemini
1520 1297 1647 1353 cornpetet
1665 1287 1823 1350 jurisdictio.
1841 1285 1922 1357 iſso.
1932 1284 1972 1354 ff.
1987 1289 2015 1338 de

353 1375 460 1430 tationis
479 1369 685 1424 corrscribendae
705 1371 774 1436 leges
795 1369 849 1420 sela
868 1371 1018 1422 contrahere
1030 1383 1172 1424 innuerent.
1213 1365 1342 1436 jarceio:
1368 1369 1385 1420 i.
1404 1369 1449 1420 ³8.
1467 1368 1496 1420 in
1504 1367 1562 1437 fin.
1571 1365 1612 1436 ff
1631 1369 1663 1422 de
1680 1369 1746 1441 jud·
1772 1371 1921 1436 praesertim
1946 1371 1966 1419 si
1985 1387 2019 1420 oe-

297 1451 334 1504 iss
351 1457 385 1512 Et
404 1475 462 1510 cum
482 1471 559 1524 supro
578 1454 611 1504 de
628 1451 715 1506 iendis
732 1453 858 1518 zutphen-
889 1467 961 1504 more
980 1454 1112 1506 concessis
1130 1472 1170 1506 as·
1220 1461 1335 1518 geretur,
1353 1467 1407 1503 rem
1425 1469 1490 1520 quse
1509 1449 1573 1504 fisco
1593 1451 1741 1504 sindicatur
1759 1468 1815 1504 csse
1833 1451 1962 1504 feudalem.
1976 1455 2021 1504 ie·
2036 1431 2061 1480 5⁶

352 1549 493 1600 sereretur,
513 1537 638 1603 maiorem
659 1547 721 1588 natu
741 1536 768 1586 in
787 1535 890 1586 bessem
911 1536 1037 1589 bonorem
1050 1537 1160 1588 succede
1222 1550 1279 1587 rum
1297 1535 1421 1602 quonism
1442 1538 1464 1586 1.
1483 1551 1558 1587 cansa
1578 1536 1639 1587 talis
1656 1535 1760 1605 qtiando
1785 1535 1905 1586 dontinus
1922 1536 1977 1602 agit»
1993 1535 2021 1585 ed

350 1643 389 1686 re,
408 1625 527 1677 trientem
547 1617 696 1673 minoribns
714 1628 776 1670 natu
793 1619 938 1687 sequeliter
950 1619 1122 1672 dividendum
1135 1638 1172 1672 es·
1220 1619 1391 1671 commissum
1410 1619 1517 1672 feudum
1529 1621 1692 1689 obcnlparo,
1712 1641 1727 1674 a
1746 1620 1896 1672 doctoribus
1914 1631 2023 1675 censetur

351 1705 462 1776 signeri;
480 1704 507 1756 in
526 1702 644 1755 confesso
662 1701 768 1771 quidem
790 1718 957 1766 esseremur,
976 1702 1102 1756 actionem
1116 1722 1170 1758 rea·
1219 1702 1331 1756 feudalis
1349 1703 1395 1756 dn.
1415 1705 1521 1758 Strneio
1539 1705 1567 1757 in
1585 1715 1655 1774 synt.
1663 1701 1695 1772 s
1713 1705 1737 1756 ri·
1763 1721 1786 1758 c.
1807 1705 1850 1756 to.
1870 1723 1895 1754 u.
1919 1704 1943 1756 i.
1962 1722 1979 1756 ιι
2003 1709 2024 1756 ι.

348 1791 400 1842 lem
420 1785 570 1842 minoribus
590 1796 652 1837 natu
671 1801 718 1855 pro
729 1786 913 1854 consequendo
925 1804 956 1839 ιι
969 1800 1125 1856 competere,
1136 1808 1170 1842 an
1221 1788 1292 1840 reri.
1309 1798 1357 1840 out
1374 1788 1457 1856 culpo
1475 1789 1588 1842 vassalli
1605 1790 1629 1840 2.
1648 1789 1681 1840 ln
1702 1788 1746 1839 ott
1765 1804 1840 1839 oense
1859 1787 1970 1840 nonnisi
1991 1790 2025 1851 jn·

350 1893 410 1930 roro
427 1891 512 1928 eorem
532 1872 621 1940 jndice
640 1871 688 1921 loci
708 1869 853 1934 ordinato,
872 1889 906 1924 ao
923 1867 1022 1925 'feudali
1036 1877 1093 1940 ejus
1105 1874 1171 1940 juris
1220 1867 1270 1922 dex
1288 1869 1398 1927 feodatis
1416 1880 1456 1922 est
1474 1881 1622 1941 competens
1640 1886 1783 1939 persuum
1802 1871 1881 1924 dicta·
1895 1873 1919 1922 3.
1932 1871 2023 1938 Usujo·

299 1947 335 2000 ⁴9
353 1961 514 2026 interpretes
527 1955 660 2022 embigere
669 1953 900 2022 deprehendimus.
908 1957 1008 2009 Verum
1016 1973 1073 2008 enm
1090 1957 1172 2009 triens
1222 1957 1259 2008 ris
1278 1957 1375 2026 publici
1394 1959 1423 2009 ιιι
1443 1957 1561 2010 confesso
1580 1966 1635 2020 est,
1656 1955 1793 2024 principes
1810 1965 1834 2008 ct
1852 1967 1934 2008 status
1955 1957 2026 2023 irnpe-

353 2044 397 2096 ltic
415 2041 510 2094 leudali
530 2041 655 2108 qualitate
679 2038 812 2102 imbutus,
831 2038 948 2108 eoquod
967 2037 1101 2091 dividatur
1119 2054 1172 2090 non
1222 2039 1256 2091 rii
1274 2038 1309 2090 oli
1326 2039 1464 2092 commisse
1485 2037 1562 2091 tend·
1580 2041 1656 2094 etiam
1676 2039 1703 2092 in
1723 2041 1812 2093 alieno
1838 2039 1965 2093 territorio
1987 2041 2027 2092 sita

354 2125 460 2178 desinat
477 2139 535 2175 esse
554 2123 623 2187 telis,
638 2119 767 2172 actionem
783 2119 861 2173 istem
876 2137 962 2173 coram
977 2118 1072 2172 lendeii
1085 2119 1175 2186 iudice
1221 2137 1374 2190 cognoscere
1398 2131 1425 2174 et
1453 2121 1536 2174 iibere
1552 2123 1693 2192 disponere
1712 2132 1764 2177 ort.
1793 2123 1837 2176 nt.
1861 2120 1966 2192 capitul.
1985 2122 2030 2174 leo-

354 2225 412 2260 esse
431 2205 611 2258 intentandam
632 2203 697 2256 nulii
716 2203 867 2256 ‹lnbitamns
885 2219 946 2256 com
965 2202 1068 2257 Frider.
1082 2221 1095 2254 ι
1110 2205 1173 2259 San·
1218 2205 1292 2276 pnld.
1311 2207 1381 2260 derb.
1399 2209 1445 2260 ιιι
1460 2222 1527 2275 seyn
1552 2206 1661 2274 gelegen
1687 2223 1728 2260 ιιι
1754 2207 1796 2259 sie
1819 2204 2028 2258 metuentius

352 2290 386 2342 de
400 2308 427 2359 p.
448 2288 492 2339 22.
508 2303 589 2356 coepe
605 2290 631 2340 d.
650 2286 669 2339 ι.
687 2287 722 2338 od
739 2287 898 2342 consuetud.
916 2287 1005 2340 Geidr.
1019 2297 1052 2339 tr.
1067 2287 1093 2339 3.
1107 2305 1128 2339 ι.
1145 2289 1173 2338 i.
1222 2299 1274 2342 art.
1293 2287 1336 2342 2⁷.
1353 2291 1459 2357 quidem
1479 2293 1512 2341 de
1530 2291 1643 2342 crimine
1655 2292 1739 2343 laesae
1753 2288 1900 2354 mejestatis
1912 2287 2029 2355 loquitun

301 2367 337 2420 50
354 2373 378 2444 5.
396 2373 421 2422 ι.
440 2391 469 2426 rs.
487 2374 512 2424 8.
526 2369 661 2422 Caeterum
682 2372 704 2421 si
723 2380 795 2422 actor
809 2372 899 2422 harum
913 2383 1041 2424 terrerum
1055 2372 1168 2439 aliquam
1221 2375 1266 2427 sed
1285 2374 1407 2442 quonism
1426 2373 1464 2425 ibi
1483 2374 1556 2427 sices
1573 2374 1687 2442 exempli
1706 2374 1735 2424 id
1756 2374 1844 2434 hebel,
1864 2373 1893 2422 in
1907 2369 2029 2422 similibus

355 2468 454 2511 asseret
471 2475 527 2510 rem
546 2455 694 2518 feudalem,
713 2471 772 2524 rens
791 2471 852 2508 sero
871 2466 961 2522 neget,
982 2467 1006 2510 ιι
1021 2455 1171 2508 ιιιιιιιιΙιιιι
1221 2457 1310 2510 eadem
1330 2458 1398 2510 ratio
1417 2468 1495 2510 tenet.
1513 2456 1540 2509 i.
1558 2457 1688 2525 Quoniam
1709 2455 1813 2508 risnelli
1833 2470 1880 2508 usn
1896 2451 2030 2506 totiusiere

355 2557 411 2593 eom
432 2556 487 2594 csse
505 2537 668 2610 praetendet,
685 2541 746 2606 quis
766 2539 817 2600 Ιιιι,
838 2537 951 2594 ieodeiis
970 2557 1013 2606 ne,
1032 2557 1065 2591 en
1079 2539 1117 2590 rei
1137 2539 1172 2589 si·
1222 2539 1378 2593 Germaniae
1404 2541 1433 2592 in
1461 2541 1605 2593 territoriis
1629 2548 1755 2591 statutum
1782 2537 1874 2590 eodem
1900 2539 1955 2604 jure
1979 2551 2030 2588 cum

353 2637 396 2680 ιιι
415 2624 491 2692 judee
509 2621 659 2678 ordinarius
680 2619 831 2690 cognoscet?
855 2621 966 2676 Videtur
992 2621 1062 2674 inter
1087 2621 1173 2674 docto·
1223 2623 1336 2678 subditis
1355 2625 1383 2676 in
1403 2624 1490 2678 multis
1509 2633 1664 2685 censentur,
1684 2624 1747 2675 dnm
1767 2639 1820 2676 non
1834 2622 1918 2674 soiom
1934 2621 1986 2686 iure
2000 2615 2029 2670 it·

354 2725 407 2773 res,
425 2709 538 2776 judicem
557 2706 607 2756 loci
626 2721 684 2756 esse
700 2715 891 2773 competentem
905 2705 1081 2768 communior,
1096 2715 1123 2756 et
1135 2704 1173 2754 in·
1222 2705 1337 2760 ιιιιιιιιιι
1358 2708 1403 2760 ιιι
1422 2709 1501 2761 etiam
1522 2708 1602 2758 sirnni
1622 2707 1736 2774 homagii
1754 2707 1916 2776 obligentur.
1933 2705 1956 2756 d.
1974 2701 2027 2754 ideo

353 2794 387 2847 de
405 2793 458 2846 iere
477 2792 617 2860 receptior,
638 2789 712 2840 illum
731 2789 803 2840 enim
823 2804 876 2840 non
899 2794 1089 2856 competentem
1117 2803 1175 2840 esse
1222 2790 1293 2843 idem
1313 2792 1440 2860 judicium
1449 2829 1458 2856 ,
1483 2790 1552 2859 quod
1570 2789 1622 2842 loci
1648 2791 1714 2844 solet
1732 2806 1791 2845 esse
1808 2789 1987 2846 ordinrrinms
2007 2786 2031 2837 ln

300 2875 335 2926 51
356 2879 451 2938 solunt,
470 2876 521 2930 nisi
542 2891 619 2942 super
638 2875 686 2924 lite
706 2872 738 2924 de
757 2890 785 2924 re
803 2887 862 2928 sere
881 2872 976 2926 leudeli
995 2873 1115 2926 oriunda.
1128 2875 1174 2925 Ast
1222 2873 1308 2924 causis
1327 2872 1474 2926 feudalibus
1492 2889 1595 2942 qumque
1612 2871 1677 2923 solet
1695 2887 1752 2922 esse
1771 2881 1936 2937 competens·
1956 2869 1979 2922 d.
1997 2866 2032 2921 ob

354 2978 382 3014 ιι
400 2970 489 3015 ιιιιιι
506 2961 635 3028 inspecte,
652 2957 704 3024 juri
726 2959 925 3009 eonsenientius
938 2955 1048 3020 ridetur,
1067 2973 1099 3008 ex
1112 2973 1172 3024 qua·
1222 2957 1338 3010 eamdem
1359 2957 1485 3008 rationem
1513 2953 1592 3007 fiscus
1618 2953 1748 3023 principis
1774 2953 1893 3022 experiri
1919 2953 1982 3005 solet
2001 2948 2031 3002 ob

300 3042 336 3092 tte
352 3045 429 3098 litate
446 3042 554 3097 sotionis
572 3042 719 3092 intentetur
738 3040 764 3090 id
782 3037 985 3093 discernendum
1005 3056 1069 3102 esse3
1089 3041 1111 3090 ιι
1125 3041 1172 3090 ite·
1223 3040 1334 3109 culpem.
1354 3042 1379 3091 7.
1397 3040 1439 3092 Ob
1457 3038 1588 3106 duplicem
1608 3037 1740 3090 herneisio
1763 3039 1931 3104 conjunctum
1957 3051 2032 3102 respe-

354 3134 495 3196 queantur
513 3141 599 3178 cotom
617 3121 1171 3192 jndiceiendelisuperisquapiemectio·
1221 3130 1292 3175 ctu·
1312 3122 1350 3175 nti
1368 3139 1459 3174 censae
1476 3119 1579 3172 fiscales
1598 3121 1704 3187 dejure
1722 3138 1833 3173 romeon
1852 3133 1967 3171 caesareo
1987 3134 2031 3170 non

355 3229 415 3264 nem
434 3211 563 3264 lendaiem
581 3210 753 3272 intentasset,
771 3225 831 3260 rens
848 3224 908 3260 sero
927 3217 1032 3274 negaret
1045 3224 1100 3258 eam
1115 3223 1173 3260 esse
1222 3204 1273 3256 nisi
1292 3221 1378 3258 eorem
1396 3206 1510 3256 caesaris
1529 3215 1696 3272 procuratore
1714 3204 1754 3256 sel
1773 3205 1831 3272 ejna
1844 3202 2031 3266 rationalium

353 3293 496 3356 feudalem,
512 3294 576 3345 inde
596 3293 683 3345 stetim
702 3291 815 3343 iendeiis
828 3289 905 3356 index
919 3306 971 3340 non
985 3287 1061 3341 fieret
1074 3289 1172 3343 incom·
1222 3306 1309 3342 eorem
1328 3291 1414 3356 jndice
1431 3290 1480 3342 loci
1499 3291 1644 3354 ordinario,
1669 3288 1852 3358 expediuntur
1875 3289 1895 3340 i.
1923 3291 1948 3339 1.
1964 3297 1988 3340 et
2009 3286 2031 3337 ι.

354 3389 462 3447 petens,
479 3377 518 3428 rei
536 3377 622 3446 iorum
644 3374 833 3428 transferretur
850 3374 882 3426 ad
902 3373 1014 3438 iudicem
1038 3372 1103 3436 loci,
1128 3373 1172 3426 sed
1222 3372 1246 3424 d.
1264 3389 1286 3424 c.
1305 3373 1350 3426 ubi
1372 3389 1470 3426 conane
1486 3373 1602 3444 fiscales
1627 3373 1665 3426 sic
1690 3375 1720 3425 in
1747 3372 1843 3426 leutici.
1870 3374 1900 3426 in
1926 3373 2031 3426 territos·

355 3459 434 3512 sicuti
454 3458 486 3510 de
502 3461 559 3525 jore
578 3473 694 3510 cessereo
705 3457 861 3525 generaliter
874 3466 992 3517 cantum,
1012 3456 1101 3506 necin
1115 3458 1172 3522 jure
1221 3455 1372 3525 principum
1397 3466 1424 3508 et
1449 3468 1557 3510 statuum
1581 3455 1687 3525 imperii
1710 3456 1824 3509 enlicnm
1852 3457 1978 3522 iudicium
1999 3455 2033 3505 rel

356 3538 455 3592 iersdeli
473 3555 503 3591 ec
521 3537 604 3591 coriis
622 3537 780 3590 clirensibns
798 3547 840 3588 ant
859 3536 1030 3606 cntpltenicis
1048 3544 1173 3588 statutum
1222 3538 1293 3592 curie
1311 3541 1360 3593 alia
1379 3539 1434 3592 ritn
1452 3550 1478 3592 ιι
1497 3539 1574 3592 modo
1593 3553 1639 3608 pro
1657 3540 1781 3607 cuiusque
1799 3540 1918 3608 regionis
1938 3553 2032 3592 consue·

357 3623 451 3685 aliter,
468 3630 498 3674 nt
515 3621 593 3689 judex
612 3635 689 3689 super
707 3619 882 3689 competentis
908 3636 953 3673 sna
978 3619 1035 3688 ipse
1059 3636 1171 3688 pronun·
1224 3622 1314 3674 tudine
1331 3624 1399 3674 solet
1416 3637 1472 3676 esse
1491 3629 1650 3692 competens.
1665 3622 1774 3688 Propter
1786 3636 1868 3689 supra
1881 3621 1949 3672 dicto
1960 3619 2030 3674 etiem
2046 3609 2072 3660 ii

359 3707 430 3759 eiere
448 3707 533 3774 possit
550 3705 568 3754 i.
587 3701 663 3769 ΜΠ
680 3703 707 3756 si
721 3701 780 3771 gnis
797 3701 887 3773 injus
904 3713 1021 3756 vocatus
1040 3719 1096 3756 non
1123 3703 1175 3754 erit
1225 3703 1252 3756 in
1271 3704 1415 3756 lendelibos
1433 3704 1522 3771 iudex,
1538 3704 1642 3774 quando
1660 3713 1732 3756 ector
1756 3718 1845 3757 coram
1872 3720 1903 3758 eo
1931 3705 2033 3757 intentet

355 3789 376 3840 d.
395 3785 471 3856 diff.
488 3788 520 3842 de
530 3784 593 3858 jod.
613 3787 646 3838 ita
665 3800 767 3854 quoque
791 3783 834 3834 his
860 3783 960 3836 nasibus
987 3791 1077 3836 tenere
1100 3795 1176 3852 pota·
1224 3789 1353 3842 actionem
1372 3785 1518 3854 iendalem,
1537 3805 1597 3840 rens
1615 3804 1673 3840 sero
1691 3804 1746 3840 rens
1764 3785 1895 3840 feudalem
1917 3804 1972 3841 esse
1993 3803 2032 3840 ne·

358 3885 494 3922 moseum
513 3867 680 3920 ιἰιιιιιιιιι
700 3865 887 3924 sandemodo
906 3865 1177 3922 eucnemon
1223 3879 1286 3939 gat,
1305 3879 1495 3939 competentem
1513 3887 1542 3923 se
1560 3868 1732 3939 pronunciare
1756 3870 1842 3924 solet:
1868 3872 1935 3924 ouili
1966 3870 2033 3922 dobi-

306 3956 343 4008 dS
361 3971 433 4022 sequ.
451 3953 505 4006 Nec
523 3953 653 4006 interesse
670 3963 809 4021 putemne,
827 3969 860 4004 en
879 3951 907 4002 in
928 3951 1090 4018 possessorio
1103 3969 1134 4004 en
1147 3953 1177 4004 in
1225 3965 1316 4018 umus,
1333 3955 1398 4022 quin
1416 3953 1528 4006 aulicum
1546 3953 1673 4021 judicium
1691 3954 1730 4006 ιιι
1748 3953 1799 4006 loci
1819 3952 1896 4007 cnria
1908 3952 2032 4007 ordinetis

361 4035 490 4104 petitorio
506 4043 612 4104 egetur,
631 4037 749 4104 qrremris
767 4035 838 4090 enirn
866 4035 998 4086 doctorum
1024 4051 1077 4086 nou
1104 4035 1178 4104 pauci
1225 4035 1274 4088 lton
1291 4036 1404 4090 easnsit
1420 4045 1585 4105 competens,
1605 4054 1653 4090 nee
1678 4032 1772 4089 liscum
1799 4035 1904 4090 domini
1930 4036 2032 4104 jndicem

361 4119 521 4189 opinentur,
539 4120 569 4170 in
587 4117 749 4187 possessorio
773 4132 852 4186 snper
875 4115 953 4170 leudo
970 4118 1093 4168 instituto
1109 4117 1177 4183 judi·
1226 4121 1263 4172 ιιι
1283 4121 1349 4172 ιιιιι
1368 4137 1398 4173 eo
1419 4117 1474 4172 fine
1497 4118 1573 4172 edire
1596 4136 1701 4173 necesse
1725 4119 1833 4174 habere.
1860 4100 2075 4174 concludimus⁵⁸

362 4219 418 4256 cern
432 4204 487 4254 'ioci
504 4201 671 4256 ordinarium
689 4216 745 4252 esse
764 4208 964 4270 competentem,
976 4207 1128 4266 ergumento
1140 4200 1179 4250 ιιι
1225 4201 1281 4264 sio,
1299 4210 1326 4254 et
1343 4201 1400 4268 eins
1417 4201 1541 4254 Numinis
1558 4202 1676 4272 auspicio
1692 4220 1745 4271 qno
1755 4204 1916 4274 incepimus,
1934 4201 2033 4256 linimus

359 4286 505 4356 spiritualis
528 4295 569 4338 ιιι
594 4301 686 4336 ιιιιιι
704 4282 924 4337 ἰιιιιιιιιοιιιιιι.
951 4281 991 4332 Er
1010 4297 1068 4334 cero
1092 4289 1179 4332 temen
1227 4283 1387 4338 tractationis
1406 4284 1560 4347 materiem,
1580 4296 1624 4350 tn,
1643 4285 1766 4340 benevole
1784 4288 1879 4350 lector,
1892 4305 1923 4342 eo
1942 4289 2032 4346 enimc,

359 4370 483 4438 quonlam
505 4369 694 4438 possessorium
712 4383 790 4437 super
806 4383 836 4418 re
849 4365 946 4419 feudali
959 4366 1111 4418 institutum
1125 4381 1178 4418 non
1224 4385 1275 4436 qun
1287 4377 1375 4422 cuncta
1388 4367 1450 4419 hsec
1462 4367 1547 4436 posita
1560 4375 1637 4432 eunt,
1662 4369 1897 4437 interpretaberis,
1917 4367 2032 4424 simitiur

363 4461 449 4521 potest
469 4469 521 4507 nun
538 4468 613 4506 causa
630 4449 743 4506 tendatis
771 4449 841 4518 dici3
860 4451 956 4518 eteius
976 4448 1072 4505 iutuitu
1097 4447 1177 4517 judee
1227 4466 1274 4506 nos
1287 4449 1315 4504 in
1329 4449 1380 4506 tois
1392 4448 1477 4504 iecere
1489 4451 1652 4509 consuevisse
1666 4449 1791 4506 confides.
