4364 6194
410 273 463 327 ιιι

355 459 382 508 7.
401 455 586 509 fornicatiouis
604 457 710 508 unicum
729 455 876 508 remedium
904 451 1059 522 preesrribit
1080 452 1168 516 conin-

356 542 439 610 qium.
457 540 535 609 Quod
556 541 578 591 si
598 537 751 592 concubitus
768 537 910 591 loruieatlo
928 551 980 588 nou
1005 543 1091 598 esset,
1110 552 1168 588 eum

357 641 407 674 una
424 641 484 676 cum
503 623 626 692 coniugio
644 622 820 684 nominasset,
847 635 895 672 nec
924 617 1094 686 fornicationi
1119 615 1171 670 ien-

358 705 473 760 meritare
490 709 659 777 opposuisset
677 709 761 759 solum
779 707 944 774 conjugium,
963 705 1017 756 rid.
1037 702 1125 756 denis.
1138 701 1172 757 de

352 789 655 860 interserendum.
670 789 740 840 Hine
757 805 815 840 eum
835 787 867 838 de
887 789 942 854 jore
953 786 1045 840 dieinu
1063 802 1104 838 res
1116 805 1168 842 ma·

355 873 449 928 niieste
469 875 517 936 sit,
538 874 634 927 irustre
653 891 699 925 nos
717 871 857 924 christiani
878 870 983 936 dejure
1009 879 1112 921 naturae
1130 863 1170 920 ιιι-

357 973 415 1010 mos
434 957 482 1009 bae
500 957 528 1009 in
548 967 624 1028 perte
641 953 761 1008 solliciti.
780 951 884 1005 Deinde
904 970 952 1005 uec
971 953 1019 1004 boc
1046 967 1123 1005 eeusu
1140 947 1173 1005 fl-

304 1023 341 1076 Η
358 1041 389 1094 lii
409 1041 540 1096 ueturuies
558 1037 665 1110 proprie
683 1040 721 1091 eie
739 1037 799 1090 dicti
819 1036 900 1089 bodie
921 1036 1036 1105 ampilne
1061 1034 1171 1100 dentur,

356 1125 477 1178 cumeis
498 1127 657 1176 centesimus
680 1121 769 1174 omnia
800 1119 844 1172 ille
877 1119 1001 1188 requisita
1031 1119 1171 1182 obaerret,

358 1224 424 1279 quae
442 1206 475 1260 de
492 1210 549 1275 jure
567 1206 618 1260 eie.
636 1203 667 1258 ad
685 1203 889 1256 concubinatum
909 1201 1097 1270 pertinebant,
1123 1201 1171 1252 illo

358 1291 430 1346 eninr
450 1293 505 1359 iure
523 1288 706 1360 requirebatur
723 1286 766 1358 (1)
785 1300 925 1339 consensus
949 1282 1170 1345 concubinarios,

355 1373 397 1444 (2)
414 1373 485 1444 qnod
503 1376 537 1425 eit
558 1373 618 1425 talia
640 1372 748 1434 mulier,
769 1385 827 1423 enm
846 1384 895 1438 que
915 1385 967 1421 non
989 1367 1172 1420 committatur

356 1468 492 1526 stuprum,
510 1457 552 1527 (3)
570 1454 637 1526 quod
655 1457 692 1508 eit
706 1455 780 1517 teile,
792 1469 850 1506 euru
864 1469 913 1519 que
926 1467 979 1502 oon
990 1448 1170 1502 committetur

356 1541 531 1604 adulterium,
545 1538 585 1608 (i)
597 1535 664 1603 quod
679 1539 715 1588 eit
728 1536 818 1600 uulce,
844 1532 888 1604 (tt)
911 1533 980 1601 quod
1005 1533 1045 1586 eir
1065 1549 1123 1584 cem
1141 1533 1169 1583 iu

358 1621 437 1674 doruo
457 1622 583 1684 retineat,
602 1619 729 1690 (utquort
749 1620 784 1670 eit
804 1619 878 1681 talia,
909 1633 974 1687 quae
1004 1619 1087 1685 possit
1116 1631 1173 1668 ease

359 1719 442 1768 uror,
459 1722 525 1775 quae
536 1704 636 1770 singule
650 1703 766 1766 videsis,
780 1701 802 1754 si
817 1701 910 1771 placet,
927 1699 996 1771 apud
1014 1698 1133 1751 Farinee.
1146 1719 1172 1768 q.

363 1787 427 1839 1³8.
438 1805 465 1838 n.
479 1788 504 1839 ιι.
516 1786 625 1839 Erkotrt.
641 1781 723 1852 udff.
737 1785 763 1837 i.
776 1795 796 1836 t.
1134 1793 1138 1802 “

307 1873 342 1927 ιι
397 1870 585 1924 διιΙιιιιιιιιιι
603 1867 777 1938 disputationi
801 1875 903 1918 nostrae
926 1863 1036 1917 rubrum
1058 1881 1170 1933 praepu-

361 1954 444 2006 ersisse
457 1955 605 2014 uideamur,
622 1968 680 2004 erun
699 1954 824 2001 haetenus
848 1946 984 2017 probatum
998 1947 1172 2010 desierimus,

359 2037 439 2089 bodie
452 2038 540 2089 nullos
553 2037 609 2088 dari
623 2031 694 2088 filios
708 2035 856 2100 naturales,
867 2047 913 2102 per
925 2033 1057 2086 naturales
1075 2031 1173 2083 liberos

359 2124 421 2174 illos
439 2122 627 2190 tnutttgtmur,
640 2122 712 2190 quie
732 2119 840 2189 regibus
861 2129 887 2171 et
912 2115 1081 2186 principibus
1100 2123 1174 2166 estre

361 2205 564 2258 matrimonium
583 2221 615 2258 er
627 2208 707 2257 certia
718 2203 874 2255 concubinis
887 2199 920 2254 de
934 2201 1002 2254 lacto
1014 2203 1173 2270 gignuntur,

359 2303 383 2342 et
403 2308 449 2360 pro
468 2291 522 2342 suis
534 2290 626 2343 liberis
639 2300 791 2358 reputantur
801 2325 810 2351 ,
821 2289 848 2340 in
863 2305 914 2358 quo
926 2306 939 2339 a
959 2287 1056 2341 ceteris
1077 2286 1176 2353 iuioete

358 2373 483 2444 quaesitis
496 2374 588 2426 liberis
600 2371 741 2434 riilierunt,
755 2372 799 2440 qui
813 2373 854 2423 rei
868 2379 969 2440 petrem
985 2371 1121 2439 ignorent,
1135 2369 1175 2421 rel

358 2471 412 2507 aton
432 2455 516 2506 libere
529 2455 667 2506 nominare
679 2465 800 2522 possunt,
818 2453 851 2504 de
871 2453 968 2522 quibua
993 2469 1053 2504 moa
1073 2451 1174 2505 ridebi-

360 2555 428 2590 enus.
442 2537 509 2591 Sunt
522 2554 583 2607 erqo
597 2555 684 2591 resera
708 2538 785 2590 liberi
800 2539 932 2590 naturales
957 2555 1047 2605 regum
1069 2537 1172 2608 prinei·

360 2637 475 2692 pumque
492 2621 590 2674 diuersi
609 2642 623 2673 a
637 2622 736 2690 spuriis
749 2622 869 2688 pluribus
882 2622 911 2672 in
925 2624 1067 2691 capitibus,
1091 2624 1129 2673 uti
1143 2637 1174 2674 ca

361 2715 415 2756 tote
429 2703 477 2755 bae
489 2704 678 2758 dissertatione
691 2705 802 2774 patebit;
819 2707 864 2756 sed
880 2706 1174 2774 ratiorreieqirimitatis,

361 2799 387 2840 ut
408 2789 443 2839 ita
462 2789 568 2856 loqusr,
582 2806 634 2840 ooo
649 2787 793 2853 differunt,
805 2804 864 2840 eum
879 2806 930 2841 noo
951 2793 1039 2841 minus
1059 2790 1104 2842 ille
1123 2791 1174 2843 eoi-

362 2879 405 2924 tus
423 2873 459 2922 eit
472 2872 628 2942 illegitimus
641 2885 665 2926 et
680 2873 781 2943 turpis,
796 2888 827 2924 ex
847 2890 898 2941 quo
912 2883 1051 2924 nascuntur
1069 2874 1173 2941 spurii,

341 3025 346 3034 ἱ
363 2965 471 3024 propter
489 2956 622 3022 eumdem,
635 2966 664 3009 ut
676 2958 754 3008 morlo
773 2957 847 3022 diui,
866 2957 932 3025 juris
950 2955 1037 3007 dieiui
1057 2956 1177 3026 probibi-

364 3039 475 3092 tionem.

400 3123 586 3193 progredimur
605 3143 673 3182 nune
692 3129 725 3180 ad
746 3127 851 3180 tertiam
875 3127 985 3179 cleesem
1006 3127 1178 3193 liberorum,

364 3225 427 3278 quos
442 3226 489 3262 nee
502 3211 633 3280 legitimos
647 3227 694 3263 nee
708 3214 837 3265 neturalee
849 3212 1046 3281 eppellerimus,
1055 3213 1174 3264 reniuut·

361 3309 412 3361 que
435 3292 730 3362 subbaeapprlletiooe
751 3313 842 3348 omnes
869 3296 926 3360 ilii,
952 3295 996 3365 qui
1022 3311 1055 3348 es
1081 3295 1175 3347 illicito

362 3377 433 3428 coitu
458 3385 562 3446 praeter
575 3377 622 3431 bos
635 3378 700 3431 duos
715 3379 807 3433 modos
826 3380 877 3433 ιιιιι
903 3390 980 3444 suut,
999 3379 1040 3433 rel
1057 3396 1170 3448 quorum

359 3473 436 3530 peter
454 3460 486 3512 de
504 3459 573 3514 iacto
592 3462 706 3514 incertus
725 3474 783 3527 est,
799 3463 854 3526 rel,
867 3471 895 3514 ut
912 3464 1018 3516 Plautus
1037 3463 1175 3534 loquitur,

360 3544 405 3612 qui
424 3545 548 3596 convenis
560 3545 677 3611 patribus
690 3547 746 3597 uati
768 3557 845 3610 eunt,
867 3557 890 3598 et
904 3545 937 3598 ob
961 3545 989 3595 iri
1011 3558 1113 3615 petrem
1132 3546 1174 3600 de·

363 3637 574 3679 moostrsreoou
586 3640 711 3696 possunt,
724 3639 909 3698 proptereaque
930 3627 1067 3704 απιτορις
1089 3631 1178 3686 diruo·

362 3715 423 3770 tur,
439 3705 463 3777 §.
477 3709 519 3762 12.
539 3712 558 3762 i·
570 3713 602 3763 de
614 3723 690 3774 nupt.
710 3715 799 3781 sicque
813 3715 862 3766 bne
877 3714 971 3769 relerri
985 3730 1090 3786 possunt
1100 3717 1177 3771 adul·

363 3790 461 3857 terinr',
477 3795 521 3861 qni
536 3811 630 3864 nempe
653 3812 686 3847 ex
706 3796 801 3848 uiolato
827 3799 902 3851 tboro
924 3802 1096 3869 proueniunt,
1114 3819 1178 3872 quos

363 3875 404 3942 jus
417 3891 473 3928 ceo.
485 3876 586 3928 Notbos
598 3880 725 3948 appellat,
737 3881 897 3946 irreestuoei,
910 3883 955 3953 qui
970 3899 1002 3935 ea
1015 3884 1084 3936 linea
1097 3897 1177 3938 trena·

363 3958 458 4010 rrrseli
472 3959 500 4010 io
514 3975 530 4026 q
545 3960 595 4012 edu
607 3961 743 4028 prohibito
756 3973 898 4014 naseuntur
912 3999 919 4026 ,
932 3962 1059 4032 anurii,
1082 3965 1128 4034 qul
1148 3982 1180 4018 cu

362 4043 434 4098 linea
449 4044 598 4096 ascendenti
613 4047 653 4097 rel
666 4043 836 4098 descendenti
848 4046 900 4098 orii
925 4058 1003 4112 anui,
1023 4065 1069 4100 ceu
1090 4046 1181 4102 docter·

309 3181 345 3234 ll

363 4128 419 4181 aius
431 4129 498 4182 banc
511 4129 688 4184 differentiam
704 4141 776 4183 notet
789 4129 829 4182 ud
840 4130 915 4186 rubr,
926 4149 948 4186 ι.
962 4133 1097 4186 deineeat.
1108 4147 1183 4206 nupt.

362 4215 481 4280 quernris
495 4213 558 4267 baec
573 4215 679 4268 nornine
693 4217 842 4284 promiscue
852 4217 1008 4286 quandoque
1030 4221 1182 4288 capiantur,

364 4307 387 4344 ιι
403 4293 519 4347 nelariae
531 4313 560 4347 ac
573 4296 687 4350 incestos
699 4299 808 4366 nuptire
823 4315 870 4367 pro
885 4299 973 4353 eedem
988 4317 1018 4354 re
1030 4314 1180 4370 sumantur,

311 4386 346 4439 η
365 4393 412 4429 ιιι
441 4380 483 4446 pio
497 4379 518 4448 ξ.
532 4382 555 4430 l.
567 4378 584 4431 ι.
598 4381 630 4432 de
643 4391 716 4450 nupt.
730 4391 757 4433 et
769 4379 788 4430 l.
803 4379 894 4448 suff.
907 4383 940 4436 de
953 4383 997 4437 rit.
1020 4396 1094 4458 nupt.
1110 4389 1181 4441 ilinc

364 4475 397 4509 ex
410 4459 534 4511 hactenus
547 4462 627 4512 dictis
640 4475 727 4533 petet,
742 4464 810 4514 solos
829 4463 927 4518 liberos
939 4465 1072 4536 legitimos
1086 4469 1114 4520 iu
1130 4487 1182 4524 me·

366 4542 493 4596 trirnonio
505 4546 571 4611 tour
581 4547 647 4600 inito
659 4550 809 4617 procreari,
826 4567 919 4604 omnes
932 4561 1018 4605 autem
1033 4553 1141 4607 aliunde
1153 4567 1180 4610 ιι

366 4637 440 4679 extre
454 4628 502 4680 boo
513 4627 603 4682 locrius
613 4633 771 4683 connubiale
789 4633 894 4696 editos,
913 4635 1064 4703 regulariter
1076 4653 1126 4705 pro
1144 4639 1176 4690 il·

363 4711 490 4779 legitimis
503 4713 660 4781 reputandus
670 4731 734 4766 esse.
745 4715 867 4766 Diximus
879 4717 910 4769 io
923 4718 1099 4773 matrimonio
1102 4721 1177 4792 juste

364 4794 443 4846 inito.
461 4793 507 4846 Est
526 4812 587 4848 sero
598 4796 661 4859 tele,
673 4799 743 4863 quod
758 4814 809 4849 nore
823 4799 906 4851 soluere
920 4813 1009 4855 mutuo
1020 4813 1046 4856 et
1059 4803 1180 4871 legitimo

315 4883 350 4936 10
366 4879 500 4946 utriusque
513 4879 721 4931 contrrleentiurn
746 4895 873 4934 censensu
898 4896 1015 4950 conetets
1034 4886 1078 4938 ead
1097 4887 1176 4940 etiam

368 4956 509 5011 secundum
534 4959 645 5014 lormaro
663 4963 691 5014 in
713 4979 874 5032 quacumque
897 4966 1030 5034 prorineie
1048 4983 1175 5038 receptum

369 5043 523 5094 celebretur.
537 5043 601 5096 inde
612 5047 761 5115 querritur,
781 5063 813 5098 an
839 5051 981 5122 bieroioqie
1007 5059 1122 5123 praecise
1140 5060 1174 5113 sit

367 5123 527 5188 adhibenda,
540 5127 581 5178 acl
593 5144 656 5178 nom
671 5129 715 5179 ille
733 5130 768 5181 ιιι
786 5131 920 5186 ιιιιιιιιιιο
943 5151 1013 5190 mere
1037 5139 1174 5195 humane?

371 5208 440 5260 sone
453 5207 663 5264 benedictionem
677 5214 860 5268 sacerdotalem
885 5219 917 5271 erl
933 5221 1096 5278 matrimonii
1114 5229 1173 5280 eub·

318 5315 354 5365 13
374 5293 498 5343 stantium
514 5311 565 5345 uon
581 5297 724 5363 pertinere,
738 5303 849 5371 quiaque
860 5301 936 5356 irelle
960 5309 1086 5379 perspicit
1102 5350 1109 5377 ,
1128 5331 1177 5367 nee

276 5395 280 5405 ·
372 5375 406 5426 de
422 5377 478 5441 jure
490 5373 538 5428 cie.
550 5395 651 5448 qnoque
665 5381 709 5433 illa
724 5386 867 5437 necesseria
879 5400 947 5453 eret,
966 5391 1029 5444 eiuro
1055 5394 1102 5448 boc
1121 5399 1178 5464 lure

372 5459 442 5510 eolus
454 5475 593 5513 cousensus
606 5463 637 5516 ed
650 5464 752 5533 nuptias
763 5470 951 5525 contrahendas
969 5472 1120 5532 euliieiebet
1133 5518 1141 5544 ,
1161 5483 1179 5536 ι.

374 5541 460 5612 diff
473 5545 507 5600 ιιι
518 5563 540 5600 r.
553 5549 571 5600 i.
583 5559 608 5603 et
620 5550 638 5603 i.
651 5551 677 5604 d.
688 5564 767 5622 utque
780 5553 824 5611 22.
838 5573 861 5609 e.
874 5558 906 5613 de
917 5571 991 5634 nupt.
1010 5577 1059 5616 uer
1070 5566 1128 5633 jure
1138 5566 1177 5621 di·

315 5097 350 5149 l'i

980 265 1161 326 iiiii’b'i‘i'i
1180 273 1214 324 V.
1233 265 1349 324 cttcr
1367 269 1388 323 l.

357 373 395 427 nri
410 375 463 428 eod
486 370 524 426 tit.
543 369 575 428 dc
592 371 701 428 concub.
721 389 747 426 ιι.
768 365 793 424 ι.
813 368 908 423 Paulus
927 365 1060 438 siqnidem
1076 370 1101 418 i.
1112 382 1169 419 eor.
1220 363 1281 415 rino
1295 363 1356 417 brec
1369 361 1518 418 beneriietlo
1529 360 1604 418 ullibi
1619 361 1740 418 nendata
1754 359 1843 433 tonde
1862 369 1908 428 eei,
1919 361 1989 434 quod
2009 359 2037 416 in
2056 319 2070 369 ¹

1924 256 1983 319 Μ
2074 315 2091 367 ι

1221 447 1312 517 ilriqio
1331 465 1415 502 coram
1435 450 1574 502 secretario
1591 458 1616 503 et
1636 450 1747 502 testibus
1765 448 1875 518 nuptias
1893 447 2036 500 solummo-
2056 459 2091 510 κ

1221 533 1256 584 do
1275 533 1480 598 contrabantur,
1492 533 1590 584 omissa
1605 530 1710 602 penitus
1721 530 1770 583 bre
1780 528 1974 582 benedictione.
1996 526 2036 580 ile

1220 613 1277 680 jure
1287 621 1373 686 autqm
1386 629 1479 668 ιιιιοιι.
1492 614 1694 682 ιιιιιιιιιιιιιι
1707 613 1816 668 omnine
1829 623 1883 674 est,
1902 612 1939 664 ite
1951 619 1981 662 ιιι
2000 611 2037 662 si·

1222 712 1255 748 ue
1265 713 1294 749 ee
1306 697 1456 767 legitimum
1469 697 1668 751 matrimonium
1683 713 1734 752 ooo
1746 695 1932 761 contrabatur,
1942 712 1964 748 ι
1982 694 2034 747 uli·

1219 789 1270 834 ter.
1285 783 1311 835 l.
1321 799 1344 834 ι.
1360 783 1401 834 30.
1413 801 1438 853 q.
1453 781 1558 851 iiqnod
1571 781 1704 849 inertiam
1718 796 1804 834 mores
1818 779 1902 831 nostri
1921 795 2036 849 aequuu-
2054 761 2090 814 Ἃ

1221 873 1378 938 tur.etper
1399 865 1581 921 ordinationes
1605 865 1773 918 ecelesiarum
1796 873 1825 918 et
1849 864 2039 918 consistorium

1221 949 1284 1003 baec
1294 949 1445 1004 benedictio
1457 965 1563 1020 semper
1574 949 1698 1018 erigitur,
1706 949 1744 1002 ite
1758 960 1783 1002 ut
1797 947 1877 1000 bodie
1890 948 1959 1000 inter
1969 946 2041 999 eleri-

1219 1035 1317 1089 stieuea
1330 1035 1492 1104 respublicas
1505 1035 1575 1088 nolle
1588 1069 1596 1098 ,
1614 1032 1720 1103 Belgio,
1733 1034 1761 1086 ui
1774 1029 1867 1094 lellor,
1892 1031 1948 1084 solo
1961 1046 2036 1084 exce·

1222 1130 1282 1190 pto,
1300 1121 1433 1190 supersit,
1450 1117 1495 1172 ubi
1515 1119 1578 1171 beee
1593 1118 1735 1187 hierologie
1749 1133 1801 1169 ooo
1816 1115 1851 1168 eit
1865 1125 1989 1184 recepta,
2011 1123 2038 1166 ιι

1220 1199 1323 1270 legibus
1340 1201 1527 1256 ecclesiasticis
1540 1200 1673 1266 iniuncta,
1687 1199 1739 1252 aid.
1753 1197 1826 1251 Petr.
1841 1197 1945 1249 Mulier.
1970 1195 2038 1250 dier.

1219 1287 1253 1340 de
1265 1285 1394 1357 irierelog.
1407 1296 1469 1340 seer.
1484 1287 1508 1336 l.
1520 1285 1559 1336 ris.
1573 1283 1598 1336 l.
1613 1281 1726 1337 illustris
1747 1281 1793 1334 du·
1820 1279 1909 1351 Strpb.
1927 1281 1957 1332 ιι
1979 1289 2042 1334 not.

1220 1371 1258 1422 od
1266 1371 1317 1444 jur
1331 1370 1421 1425 eccles.
1434 1371 1462 1422 b.
1474 1369 1520 1423 du.
1533 1368 1680 1421 Bruuuem.
1692 1366 1737 1420 ιιι.
1757 1367 1783 1418 2.
1795 1383 1817 1420 e.
1849 1366 1893 1416 ill.
1916 1369 1940 1427 t.
1962 1363 1992 1415 b.
2015 1380 2042 1429 p.

1222 1455 1283 1507 tien.
1301 1453 1341 1507 Er
1358 1471 1409 1525 qno
1429 1471 1512 1527 pmuo
1529 1454 1601 1506 alreo
1617 1451 1694 1516 linit,
1706 1451 1771 1520 quid
1791 1447 1961 1506 sentiendum
1985 1483 1994 1512 ,
2015 1449 2040 1500 ei
2058 1457 2091 1512 fl

1222 1539 1293 1592 iuter
1306 1537 1473 1610 desponsetur
1487 1552 1610 1608 personae
1623 1534 1779 1589 concubitus
1789 1533 1983 1598 intervenerit,
2003 1532 2042 1587 ita

1222 1630 1250 1673 ut
1267 1615 1341 1675 filius
1366 1631 1426 1676 ente
1451 1619 1662 1676 benedictionem
1688 1619 1875 1673 sacerdotalem
1894 1628 2042 1683 meatur,

1221 1704 1324 1771 quaudo
1342 1701 1451 1758 iorrtrro
1479 1713 1590 1775 propter
1620 1713 1730 1757 mortem
1759 1702 1798 1756 eel
1823 1701 1973 1753 absentiam
2003 1701 2044 1752 al·

1222 1790 1304 1841 terius
1326 1788 1445 1860 conjugis
1470 1790 1562 1859 copota
1579 1785 1746 1841 aacmdotelis
1758 1784 1835 1856 prius
1847 1799 1900 1837 uon
1914 1800 2046 1838 mosum·

1223 1871 1289 1922 mari
1304 1875 1429 1942 potuerit,
1442 1883 1469 1926 et
1482 1871 1548 1944 quid
1563 1871 1597 1926 de
1609 1869 1739 1942 ejusmodi
1759 1877 1836 1938 partu
1848 1868 2045 1934 iudicandum,

1222 1967 1285 2005 reum
1304 1971 1352 2022 pro
1369 1956 1539 2024 legitimo'eel
1554 1955 1695 2030 illegitimo
1709 1952 1855 2014 babendue,
1868 1961 1893 2004 ιι
1917 1967 1984 2004 num
1999 1968 2048 2022 per
2063 1989 2095 2042 n

1222 2053 1385 2105 consequens
1404 2037 1581 2092 successionis
1600 2039 1637 2114 ιιι
1654 2031 1751 2106 capax?
1783 2034 1891 2086 Dccisio
1912 2033 1987 2086 etaea
2016 2051 2049 2088 ex

1223 2126 1287 2171 ante
1303 2119 1403 2183 dietis,
1418 2120 1488 2190 quod
1506 2121 1540 2174 de
1557 2123 1613 2189 jure
1630 2119 1705 2172 cirili
1723 2127 1752 2171 et
1769 2117 1905 2185 trqtrtnua
1930 2125 1959 2170 et
1989 2133 2049 2171 aue·

1224 2203 1354 2257 cessionis
1372 2206 1506 2275 particeps
1524 2205 1573 2270 sit,
1585 2202 1647 2273 quia
1659 2201 1692 2255 de
1704 2202 1752 2254 iliu
1767 2204 1825 2268 jure
1838 2200 2049 2256 matrimonium

1224 2287 1314 2340 omnia
1333 2305 1377 2342 eua
1396 2289 1520 2358 requirite
1538 2286 1635 2352 babet,
1654 2297 1680 2340 et
1711 2287 1774 2340 binc
1798 2285 1830 2340 etl
1849 2284 2050 2341 suscusiouem

1226 2373 1330 2425 ciriiem
1351 2373 1521 2436 admittitur,
1533 2387 1587 2424 non
1602 2388 1663 2424 aero
1677 2369 1709 2423 ad
1723 2369 1904 2434 atetutarlem,
1924 2387 1948 2424 a.
1965 2387 1995 2440 ς.
2014 2371 2050 2422 aei
2066 2386 2069 2392 ·

1226 2471 1268 2508 ree
1286 2457 1478 2526 expeditories,
1496 2454 1620 2526 gersdem
1640 2465 1690 2508 ιιι.
1708 2455 1754 2507 eiu.
1785 2452 1864 2523 srryt
1889 2453 1921 2506 ιιι
1948 2465 1987 2508 tr.
2014 2456 2050 2508 eie

1225 2555 1334 2594 euecees.
1349 2541 1383 2594 ab
1395 2541 1484 2596 intest.
1498 2541 1561 2594 dire.
1578 2541 1604 2594 l.
1615 2555 1638 2592 e.
1651 2540 1677 2592 2.·
1690 2538 1714 2610 fi.
1725 2538 1768 2590 itt.
1781 2538 1829 2591 riu.
1850 2537 1999 2593 Brunuem.
2020 2541 2051 2593 ie

1221 2623 1276 2692 t'ur.
1289 2624 1380 2678 eccles.
1392 2624 1444 2676 lue.
1455 2625 1500 2678 ιιι.
1514 2624 1605 2694 ibique
1618 2622 1662 2676 dn.
1689 2619 1776 2692 Stryb.
1799 2622 1887 2690 iiopp.
1911 2621 1944 2676 ιιι
1970 2640 2050 2679 curre

1226 2720 1308 2763 meret.
1323 2709 1361 2762 ud
1372 2711 1434 2764 inrt.
1447 2707 1489 2761 tit.
1500 2707 1532 2761 de
1553 2719 1631 2774 nupt.
1651 2723 1676 2775 p.
1691 2725 1726 2760 rer.
1750 2708 1796 2758 ιι.
1820 2705 1938 2776 Stringit
1956 2719 2049 2764 eutem

1227 2795 1289 2848 baec
1300 2794 1448 2847 benedictio
1460 2791 1626 2847 secerdotelia
1639 2809 1690 2846 uon
1706 2789 1785 2845 modo
1798 2791 1914 2860 petrarca
1926 2802 1951 2846 ιι
1977 2793 2051 2849 infe·

1227 2879 1323 2944 riores,
1341 2878 1387 2932 aed
1401 2879 1454 2948 ipei
1469 2894 1542 2949 repes
1554 2887 1581 2931 et
1593 2877 1727 2949 principes
1741 2877 1769 2928 iu
1786 2877 1949 2930 couscientia
1968 2879 2048 2932 obli·

1225 2973 1318 3032 gantur
1331 2963 1362 3015 ari
1376 2963 1448 3015 iilam
1462 2961 1660 3026 adhibendam,
1675 2970 1804 3030 quatenus
1824 2961 1887 3014 baec
1897 2965 2055 3020 ceremonia

1226 3047 1253 3098 iu
1268 3047 1374 3100 iliorum
1387 3047 1477 3116 regnis
1488 3055 1516 3100 et
1528 3046 1679 3116 prortnotte
1693 3056 1804 3116 recepte,
1817 3061 1877 3097 eum
1902 3047 1978 3100 nibil
1998 3049 2054 3116 juri

1226 3131 1318 3184 diuino
1330 3129 1430 3184 atrerrt
1445 3132 1506 3182 brec
1518 3129 1674 3182 constitutio
1685 3128 1859 3182 ecclesiastiea
1873 3130 2013 3200 disponat,
2025 3144 2055 3187 et

1226 3211 1685 3282 priucipeaeuoeaempiourdiusm
1707 3213 1736 3265 in
1761 3214 1869 3266 ecelesia
1890 3231 2056 3272 consecrare

1224 3303 1375 3357 teneantur,
1386 3307 1546 3366 quapropter
1558 3296 1671 3364 neglecte
1687 3298 1736 3350 bec
1756 3297 1911 3350 sacerdotali
1938 3300 2056 3355 benedi·

1226 3379 1313 3431 ctione
1324 3377 1402 3431 liberi
1417 3395 1449 3430 ex
1463 3377 1624 3432 clandestine
1635 3380 1749 3448 quedem
1763 3393 1843 3432 uxore
1855 3381 1976 3451 suscepti
2000 3401 2054 3438 nse·

1226 3463 1280 3515 rito
1298 3479 1344 3533 pro
1361 3464 1513 3531 illegitimia
1532 3470 1695 3531 reputantur.
1715 3465 1815 3516 Verum
1834 3463 1878 3515 bis
1903 3463 1976 3534 ipsis
1996 3485 2055 3536 qra-
2072 3463 2103 3516 ιι

1225 3545 1292 3598 riter
1304 3547 1410 3600 obstare
1421 3546 1542 3608 ridetur,
1555 3545 1626 3614 qnod
1652 3545 1796 3616 bleroiogia
1817 3549 1925 3602 demum
1945 3552 2057 3621 legibus

1227 3628 1350 3682 bumanis
1363 3627 1530 3692 introducta,
1546 3629 1644 3698 quibua
1660 3631 1741 3682 soluti
1754 3641 1815 3684 suut
1838 3634 1991 3703 principes.
2010 3638 2059 3692 dee

1228 3721 1286 3766 utut
1303 3714 1352 3766 boc
1370 3715 1397 3766 ln
1417 3729 1510 3784 genere
1528 3715 1641 3782 larqier,
1656 3715 1706 3768 boe
1720 3725 1809 3769 temen
1823 3733 1883 3770 easu
1896 3721 1943 3771 rix
1958 3733 2013 3789 eet,
2028 3735 2058 3777 ut

1228 3807 1405 3863 argumentum
1419 3798 1467 3848 boe
1479 3799 1617 3866 procedat,
1630 3811 1767 3868 postquem
1791 3808 1981 3861 communiter
2000 3811 2062 3878 pie-

1230 3881 1283 3932 cuit
1303 3881 1406 3949 regibus
1423 3899 1453 3935 ee
1465 3882 1646 3952 principibus,
1661 3883 1723 3936 bule
1739 3886 1804 3940 ritui
1821 3903 1849 3940 ee
1865 3887 2056 3961 submittere,

1230 3973 1255 4015 et
1273 3964 1406 4016 communi
1426 3980 1555 4017 contemtu
1573 3965 1696 4018 eumdem
1726 3970 1891 4037 approbare,
1911 3977 1948 4027 ite
1974 3989 2006 4031 ιιι
2030 3999 2058 4033 u·

1232 4060 1307 4097 mnes
1323 4045 1437 4110 liberos,
1455 4057 1525 4100 extre
1546 4049 1742 4102 matrimonium
1761 4053 1810 4104 boe
1822 4053 1874 4108 ritu
1885 4057 2056 4118 celebratum

1233 4138 1322 4192 natos,
1341 4147 1355 4179 a
1372 4133 1536 4183 successione
1553 4133 1582 4182 io
1601 4145 1710 4202 regnum
1722 4141 1749 4186 et
1766 4137 1948 4207 principatum
1963 4149 2058 4215 repet.

1232 4211 1285 4262 lere
1303 4210 1420 4274 soleant,
1438 4223 1466 4265 ιιι
1484 4213 1521 4264 ιιι
1538 4215 1677 4268 necessitas
1696 4215 1855 4286 bieeolopiae
1872 4223 1944 4276 inter
1963 4227 2059 4283 ebrie·
2149 4217 2150 4228 ἶ

1234 4295 1318 4346 tieuos
1335 4293 1469 4365 principes
1488 4295 1521 4349 eit
1538 4295 1613 4368 qoeel
1632 4298 1699 4365 juris
1711 4304 1830 4367 gentium
1846 4303 1964 4359 reddita.
1979 4309 2059 4380 Ejus.
2075 4317 2107 4371 3

1234 4378 1303 4434 modi
1317 4377 1496 4432 clandestinae
1515 4379 1622 4449 nuptiae
1640 4383 1774 4451 quondam
1796 4385 1880 4438 initae
1906 4387 1996 4445 luisse
2015 4397 2058 4448 di.

1231 4475 1349 4518 cunture
1362 4461 1455 4517 Catulo
1469 4463 1504 4516 ll.
1517 4480 1578 4532 rege
1589 4463 1697 4531 dupliee
1708 4483 1766 4518 com
1780 4465 1858 4521 Lucia
1867 4471 1975 4526 verrere
1992 4494 2059 4533 con.

1231 4545 1324 4599 eubiua
1344 4561 1433 4610 aue,e
1454 4565 1504 4618 que
1535 4547 1700 4616 postmodum
1725 4550 1830 4614 genitos
1854 4553 1975 4610 tarobor
2002 4561 2059 4616 etue

1229 4630 1403 4694 bloomntirii,
1414 4632 1460 4700 qni
1473 4645 1507 4682 ex
1524 4647 1554 4682 eo
1567 4629 1739 4684 lundemeoto
1751 4639 2058 4706 coronamenglieauar.

1230 4713 1430 4782 praetendebat,
1441 4713 1487 4765 scd
1500 4714 1558 4766 luco
1572 4725 1682 4767 coronae
1697 4715 1833 4768 ιιιιιιιιιιι
1844 4719 1947 4774 rrrobo
1960 4723 1999 4777 tt.
2011 4745 2059 4782 an·

1228 4814 1262 4850 uo
1276 4797 1355 4848 ibid.
1366 4796 1482 4866 aceepit,
1500 4796 1557 4865 ipsa
1568 4793 1613 4848 die
1624 4796 1733 4850 decebit
1745 4815 1823 4868 quem
1836 4815 1891 4854 rem
1903 4803 1949 4858 bis
1972 4812 2056 4866 versi.

1228 4878 1278 4932 bue
1289 4877 1434 4932 detinearis
1447 4888 1538 4949 poetae

1227 5021 1274 5074 Du
1286 5021 1419 5078 mererent,
1432 5011 1495 5066 dese
1513 5011 1575 5066 deirr
1588 5011 1670 5070 liciole
1680 5032 1751 5086 ιιι]
1761 5015 1871 5072 Sonnen
1881 5020 2054 5091 leidenlraer,

1260 5097 1419 5164 Docbepun
1444 5093 1506 5148 dein
1533 5095 1669 5151 Aberwits
1685 5097 1729 5150 eise
1742 5099 1883 5160 liederlielr
1912 5109 2055 5181 amsa,

1227 5187 1315 5242 Deum
1334 5177 1423 5232 sinder
1440 5177 1498 5230 dicit
1517 5178 1559 5232 eise
1583 5179 1657 5246 Brit,
1676 5181 1724 5234 mit
1741 5181 1830 5264 dieque
1855 5191 1989 5264 Wurtete,
2003 5219 2055 5253 ure:

1263 5262 1353 5328 Stirb,
1371 5261 1473 5316 lrleiner
1488 5261 1592 5329 Jocot,
1606 5264 1690 5331 rtirb,
1708 5266 1794 5321 demit
1806 5269 1854 5324 der
1868 5271 1973 5334 Grorre
1991 5283 2057 5340 leir-

1229 5402 1289 5458 iion
1309 5391 1355 5457 ebs
1374 5421 1403 5458 re
1421 5401 1472 5456 erit
1486 5401 1649 5456 mentionem
1664 5403 1708 5456 bic
1725 5404 1811 5461 l'eeere
1829 5413 1998 5471 metrimonii
2020 5440 2059 5475 ru-

1234 5484 1352 5555 jusdam,
1370 5487 1438 5555 quod
1463 5486 1584 5540 Orientis
1611 5487 1731 5554 gentibus
1755 5489 1902 5547 admodum
1934 5497 2058 5571 frequens
2077 5525 2109 5578 ῃ

1234 5580 1287 5640 ιιι,
1305 5569 1374 5642 quod
1393 5570 1434 5624 illi
1454 5571 1654 5625 metrimonium
1672 5570 1706 5627 ed
1723 5571 1820 5628 Thalen
1840 5579 2022 5652 eppellitant,
2035 5587 2058 5640 ri
