4352 6226
920 354 1257 434 utsru'rsrto
1283 358 1492 440 DECIMA
1517 361 1665 441 NONA

453 577 556 694 m
591 570 1186 692 uuunuuuuonu
1221 575 1658 696 uuouussos
1691 576 2048 723 sosanna,

1190 825 1246 866 210
1263 825 1356 870 mur
1362 830 1418 872 m

1028 1011 1082 1056 Dlss
1105 1011 1163 1056 111.
1178 1013 1268 1058 lens·
1291 1014 1386 1062 ΜΠ.
1409 1019 1549 1062 lnccxu.

913 1180 1654 1286 norruoszerurc,

1055 1489 1509 1554 ψ

1134 1729 1429 1812 PRAEFATIO.

447 1985 511 2117 N
514 2033 618 2131 equis
646 2054 703 2104 me
729 2031 822 2103 forte
846 2033 1036 2134 cujusdam
1063 2038 1238 2107 novitatis
1263 2033 1388 2118 studii,
1412 2039 1475 2100 aut
1501 2027 1728 2123 arrogantiae
1747 2040 1942 2118 accusem
1967 2029 2052 2126 quibu
2086 2079 2087 2126 ,

447 2157 512 2229 ego
530 2133 691 2204 maxime
709 2130 904 2222 abborreo;
923 2157 1046 2205 meum
1073 2147 1126 2206 est
1141 2187 1150 2222 ,
1167 2147 1206 2205 ut
1225 2134 1383 2202 breviter
1400 2150 1521 2199 causas
1546 2148 1747 2222 exponam,
1767 2127 1895 2226 quibus
1910 2127 2053 2214 adductus,

447 2233 543 2303 hanc
563 2231 826 2326 inauguralem,
846 2231 892 2301 de
910 2257 1091 2331 processus
1112 2231 1263 2304 lorensis
1290 2227 1543 2300 emendatione
1573 2223 1880 2322 disputationem,
1907 2231 2054 2324 conscripsi.

446 2331 507 2406 Ex
524 2355 595 2430 quo
614 2331 651 2400 in
671 2327 746 2400 soro
760 2344 920 2406 versatus
936 2358 1030 2422 sum,
1048 2357 1120 2405 non
1134 2333 1251 2406 solum
1265 2332 1344 2429 ipse
1363 2327 1539 2427 plurimas
1559 2348 1741 2420 processus
1763 2328 1975 2400 difficultates
1989 2341 2053 2422 atque

450 2429 641 2525 ambages,
666 2431 881 2526 experiendo
906 2435 1076 2530 cognovi,
1103 2431 1167 2507 sed
1192 2435 1304 2504 etiam
1335 2427 1486 2512 multas,
1507 2438 1587 2496 tum
1608 2425 1781 2518 illorum,
1798 2427 1921 2527 quibus
1938 2428 2052 2524 injuriam
2086 2515 2087 2520 ἵ

449 2527 538 2602 illae
564 2527 789 2615 inserebant,
816 2541 896 2602 tum
913 2557 1058 2620 eurum,
1084 2537 1146 2632 qui
1174 2553 1426 2631 oppressorum
1452 2525 1663 2597 calamitati
1697 2527 1889 2602 subvenire
1912 2525 2053 2610 debebant,

449 2629 512 2700 ssd
531 2652 602 2700 non
623 2641 807 2723 poterant,
824 2633 987 2727 querelas
1006 2633 1141 2718 audivi,
1160 2635 1342 2730 simulque
1361 2632 1398 2698 in
1418 2651 1547 2725 paucos
1570 2627 1694 2714 incidi,
1713 2630 1779 2724 qui
1798 2629 1924 2726 absque
1942 2629 1983 2698 sui
1996 2647 2053 2695 con·
2086 2647 2087 2658 ³

449 2725 553 2799 modi
571 2725 701 2815 studio,
711 2731 871 2800 remedia
892 2735 1002 2802 tantis
1021 2733 1125 2805 malis
1144 2733 1317 2805 tollendis
1336 2727 1605 2800 accommodata
1626 2727 1871 2822 indagassem,
1886 2739 1941 2798 aut
1954 2745 2053 2820 eaquae

453 2825 577 2899 moliti
594 2839 692 2914 sunt,
710 2852 780 2898 non
795 2829 840 2900 ad
860 2831 1079 2904 mutandum
1105 2836 1240 2930 potius,
1273 2854 1382 2930 quam
1418 2823 1689 2898 emendandum
1718 2853 1919 2925 processum
1943 2827 2052 2917 suscepis-

454 2937 544 3000 sent.
566 2927 794 3023 Quapropter
813 2954 888 3026 ego,
905 2930 989 3002 licet
1019 2956 1090 3004 non
1111 2933 1191 3029 plus
1210 2932 1303 3005 mihi
1334 2952 1490 3017 sumam,
1509 2951 1621 3024 quam
1639 2928 1719 3001 aliis
1733 2919 2052 3022 tribuam,nequeulla

452 3023 622 3098 mutandi
634 3023 959 3124 libidiuessagrem,
974 3030 1113 3104 dudum
1134 3048 1258 3106 tamen
1277 3029 1471 3102 consilium
1490 3029 1630 3124 cepi,in
1647 3053 1853 3128 processum
1871 3027 2056 3098 sorensenac·

454 3125 614 3196 curatius
632 3124 852 3221 inquirendi,
866 3143 902 3200 et
919 3133 957 3202 in
976 3131 1130 3227 singulis
1153 3133 1317 3232 ejusdem
1345 3127 1519 3227 partibus,
1547 3129 1635 3226 quid
1657 3129 1711 3202 sel
1729 3127 2000 3210 emendandum,
2021 3116 2053 3191 l‘l

454 3247 599 3322 prorsus
624 3221 867 3322 abjiciendum
895 3235 965 3319 sit,
992 3232 1111 3328 quoad
1136 3233 1338 3306 clarissime
1358 3230 1435 3301 fieri
1455 3233 1605 3325 poterit,
1622 3228 1850 3301 ostendendi.
1874 3229 1914 3298 ld
1935 3221 2007 3324 quod
2019 3241 2054 3310 tgr

454 3323 523 3395 boc
537 3335 712 3420 tempore,
728 3350 799 3422 quo
817 3327 1058 3425 singularibus
1072 3337 1188 3406 causis
1206 3333 1252 3406 ad
1269 3353 1431 3403 summos
1448 3330 1487 3398 iu
1511 3343 1663 3428 utroque
1680 3334 1759 3430 jure
1787 3330 1929 3400 honores
1950 3319 2054 3396 ambicu-

455 3421 518 3494 dos
530 3475 541 3510 ,
568 3423 744 3519 instigor,
769 3431 969 3501 certissime
987 3437 1267 3530 praestitissem,
1288 3433 1362 3502 -nisi
1380 3443 1415 3500 et
1435 3435 1657 3526 negotiorum
1679 3432 1785 3517 ratio,
1803 3445 1838 3501 et
1859 3415 2055 3527 temporisbre

451 3523 560 3610 vitas,
576 3522 796 3618 generaliora
814 3538 958 3601 tantum
977 3535 1225 3622 examinandi,
1243 3547 1352 3629 atque
1378 3529 1643 3625 angustioribus
1669 3533 1877 3602 institutum
1909 3544 2006 3596 meum
2033 3515 2054 3583 lt

454 3620 607 3694 mitibus
625 3623 970 3718 circumscribendi,
997 3633 1087 3703 mihi
1107 3636 1355 3706 necessitatem
1374 3631 1638 3724 imposuissent.
1666 3628 1820 3701 Interim
1846 3627 1933 3700 lruuc
1961 3617 2055 3691 tasin

455 3743 501 3792 ex
520 3718 755 3792 festinatione
781 3747 859 3796 mea
879 3725 1035 3801 fructum
1054 3737 1213 3830 capiam,
1235 3745 1286 3820 ut,
1304 3755 1386 3802 cum
1405 3728 1559 3801 aliorum
1576 3730 1786 3817 sententias,
1803 3753 1882 3798 cuna
1901 3745 1966 3795 mea
1981 3718 2055 3810 dist·

453 3817 569 3890 tando
592 3821 827 3913 contulerim,
854 3824 1000 3898 fortasse
1019 3832 1133 3901 multa
1152 3857 1228 3902 sese
1243 3831 1333 3901 mibi
1348 3827 1466 3899 adhuc
1484 3826 1644 3898 oblatura
1657 3831 1742 3913 sint,
1759 3853 1852 3926 quae
1867 3825 1908 3897 ed
1922 3813 2055 3918 specialem

456 3917 563 4016 buJus
589 3923 795 4012 argumenti
815 3931 1136 4018 pertractationem
1164 3933 1382 4028 pertineant,
1398 3929 1457 3996 cni
1475 3928 1585 3994 etiam
1604 3929 1751 4000 consilia
1782 3949 1881 4013 mea,
1900 3921 1939 3993 ad
1952 3912 2055 4020 singullt

454 4039 638 4117 processus
653 4017 824 4088 articulos
843 4023 1170 4116 accommodanda,
1189 4050 1339 4098 reservo.
1359 4021 1678 4113 Quemadmodum
1700 4049 1784 4096 vero
1803 4041 1986 4122 processum
2000 4009 2055 4084 ordi·

456 4117 601 4190 narium
627 4138 712 4186 cum
733 4117 970 4190 tumultuario
999 4124 1151 4196 minime
1178 4121 1488 4196 commutandum
1514 4146 1590 4194 esse
1615 4147 1758 4214 ceuseo;
1786 4126 1834 4195 ita
1854 4120 1958 4194 multo
1982 4115 2056 4185 utilitt

446 4238 662 4316 processum
679 4217 823 4311 penitus
839 4217 1023 4292 sublatum
1038 4221 1127 4294 volo.
1146 4223 1328 4316 Quamdiu
1356 4225 1454 4293 enim
1475 4220 1593 4293 ullum
1617 4221 1806 4294 bominum
1839 4223 2055 4303 societatunqle

457 4317 702 4386 humanarum
722 4337 853 4387 nomen
872 4321 1060 4417 supererit,
1079 4325 1221 4395 tamdiu
1239 4327 1349 4394 etiam
1370 4323 1522 4422 judicia,
1540 4336 1647 4418 atque
1665 4343 1845 4417 processus
1862 4301 2055 4392 durabuntll

454 4414 604 4486 unicum
621 4415 781 4485 maximo
799 4417 891 4488 mibi
916 4432 971 4490 est
1004 4419 1139 4512 dolori,
1166 4447 1390 4522 processum,
1415 4423 1478 4518 qui
1507 4422 1574 4519 juri
1602 4420 1756 4493 aliorum
1784 4413 2006 4497 accelerando,
2023 4409 2053 4474 it·

459 4513 594 4586 servire
619 4509 795 4602 debebat,
813 4540 910 4588 nunc
927 4518 973 4590 ad
987 4518 1080 4593 illud
1100 4522 1357 4602 retardandum
1374 4518 1651 4594 accommodari.
1673 4521 1886 4608 Faciamus,
1900 4497 2054 4612 alterumtl

457 4615 571 4688 altero
588 4624 737 4684 centum
750 4615 918 4686 uniciales
937 4621 1196 4714 peractionem
1214 4623 1436 4697 ordinariam
1455 4633 1627 4718 repetere,
1647 4619 1740 4694 velle
1757 4634 1842 4693 tuuc
1854 4621 1944 4718 prius
1956 4612 2052 4716 trucul

461 4711 643 4798 unciales,
670 4735 800 4810 nempe
817 4728 965 4787 centum
983 4722 1112 4790 actoris
1136 4735 1304 4823 patrono,
1324 4732 1474 4792 centum
1494 4716 1672 4791 defensori
1691 4723 1763 4808 rei,
1779 4735 1815 4792 et
1835 4733 1966 4790 centurn
1986 4703 2052 4806 judio

456 4825 541 4885 aurat
559 4808 749 4897 solvendi,
774 4837 898 4910 quam,
926 4839 989 4910 per
1013 4842 1140 4890 omnes
1160 4823 1353 4896 instantias
1371 4846 1473 4892 causa
1492 4817 1709 4892 absolvatur.
1730 4819 1853 4920 Neque
1869 4829 1974 4910 tameo
1990 4805 2053 4877 ΡΝ

459 4916 593 5014 ponius
610 4909 710 4980 Jctus
728 4911 846 4982 dicere
865 4913 1062 4989 erubescit:

461 5013 523 5184 ppli
544 5004 742 5124 'actionem'
764 5009 873 5087 babet
908 5013 954 5086 ad
989 5040 1089 5106 rem,
1115 5041 1192 5102 rem
1219 5021 1335 5122 ipsam
1366 5015 1497 5092 babere
1524 5017 1693 5112 ridetur,
1722 5017 1748 5092 l.
1780 5018 1832 5093 15.
1855 5013 1889 5090 ff.
1916 5011 1954 5086 de
1973 5031 1994 5078 r.
2008 5004 2051 5072 itl

518 5133 648 5208 planus

537 5209 575 5278 id
592 5209 685 5306 apud
703 5233 739 5281 se
763 5208 894 5282 habere
910 5215 990 5306 quis
1009 5215 1166 5310 ridetur,
1183 5218 1229 5291 de
1246 5245 1317 5319 quo
1347 5217 1455 5293 babet
1471 5217 1650 5292 actionem
1668 5272 1678 5311 ,
1706 5215 1856 5292 babetur
1878 5213 1967 5296 ,euim
1993 5187 2050 5302 qul

536 5311 608 5406 peti
635 5322 751 5404 potest
770 5309 792 5380 l.
818 5313 897 5401 143.
915 5311 950 5382 ff.
965 5315 1009 5384 de
1028 5317 1071 5386 V.
1098 5317 1132 5386 S.

462 5407 602 5480 Horum
620 5408 862 5503 igiturcausas
880 5414 1014 5508 pariter
1031 5426 1139 5511 atque
1157 5415 1331 5506 remedia,
1344 5419 1381 5489 in
1402 5417 1647 5515 disputatione
1664 5416 1731 5490 bac
1744 5416 1931 5492 academica
1944 5401 2049 5481 indicat*

462 5517 610 5578 conatus
627 5530 718 5580 suns.
745 5507 851 5600 Quod
873 5535 993 5583 meum
1012 5513 1179 5588 studium
1209 5539 1291 5588 cum
1324 5539 1466 5589 summa
1499 5519 1709 5612 integritate
1739 5521 1963 5618 conjunctum,
1988 5501 2049 5570 llll

462 5607 592 5707 magis,
618 5607 713 5708 quod
727 5607 800 5709 ipse
813 5611 890 5711 jam
907 5609 1041 5712 aliquot
1054 5611 1100 5690 ab
1124 5615 1229 5692 aunis
1246 5638 1435 5701 causarum
1454 5618 1596 5720 patroni
1615 5639 1765 5701 munere
1785 5616 1922 5718 fungor,
1941 5601 2047 5693 adeoqt‘
