<?xml version="1.0" encoding="UTF-8"?>
<!DOCTYPE html PUBLIC "-//W3C//DTD XHTML 1.0 Transitional//EN"
    "http://www.w3.org/TR/xhtml1/DTD/xhtml1-transitional.dtd">
<html xmlns="http://www.w3.org/1999/xhtml" xml:lang="en" lang="en">
 <head>
  <title>
</title>
<meta http-equiv="Content-Type" content="text/html;charset=utf-8" />
  <meta name='ocr-system' content='tesseract 3.04.00' />
  <meta name='ocr-capabilities' content='ocr_page ocr_carea ocr_par ocr_line ocrx_word'/>
</head>
<body>
  <div class='ocr_page' id='page_1' title='image "./samuelisstrykii05schogoog_0441.png"; bbox 0 0 4440 6166; ppageno 0'>
   <div class='ocr_carea' id='block_1_1' title="bbox 305 347 1714 706">
    <p class='ocr_par' dir='ltr' id='par_1_1' title="bbox 305 347 1714 706">
     <span class='ocr_line' id='line_1_1' title="bbox 623 347 1502 436; baseline 0.01 -10"><span class='ocrx_word' id='word_1_1' title='bbox 623 347 1107 434; x_wconf 73' lang='lat' dir='ltr'>IllSPU&#39;l&#39;A&#39;I&#39;IO</span> <span class='ocrx_word' id='word_1_2' title='bbox 1155 349 1502 436; x_wconf 69' lang='lat' dir='ltr'>SECUNDA</span> 
     </span>
     <span class='ocr_line' id='line_1_2' title="bbox 305 477 1714 706; baseline 0.011 -47"><span class='ocrx_word' id='word_1_3' title='bbox 305 615 307 623; x_wconf 27' lang='grc' dir='ltr'>ψ</span> <span class='ocrx_word' id='word_1_4' title='bbox 397 547 501 662; x_wconf 87' lang='lat' dir='ltr'>uu</span> <span class='ocrx_word' id='word_1_5' title='bbox 537 477 1210 675; x_wconf 82' lang='lat' dir='ltr'>uunuuunuuuunu</span> <span class='ocrx_word' id='word_1_6' title='bbox 1246 555 1714 706; x_wconf 79' lang='lat' dir='ltr'>ununuunua,</span> 
     </span>
    </p>
   </div>
   <div class='ocr_carea' id='block_1_2' title="bbox 790 787 1447 853">
    <p class='ocr_par' dir='ltr' id='par_1_2' title="bbox 790 787 1447 853">
     <span class='ocr_line' id='line_1_3' title="bbox 790 787 1447 853; baseline 0.003 -3"><span class='ocrx_word' id='word_1_7' title='bbox 790 805 824 850; x_wconf 86' lang='lat' dir='ltr'>u.</span> <span class='ocrx_word' id='word_1_8' title='bbox 848 805 922 852; x_wconf 82' lang='lat' dir='ltr'>xm.</span> <span class='ocrx_word' id='word_1_9' title='bbox 945 805 1052 853; x_wconf 80' lang='lat' dir='ltr'>eram.</span> <span class='ocrx_word' id='word_1_10' title='bbox 1075 803 1104 846; x_wconf 82' lang='lat' dir='ltr'>e.</span> <span class='ocrx_word' id='word_1_11' title='bbox 1130 802 1159 848; x_wconf 86' lang='lat' dir='ltr'>s.</span> <span class='ocrx_word' id='word_1_12' title='bbox 1181 803 1319 852; x_wconf 67' lang='lat' dir='ltr'>aanor.</span> <span class='ocrx_word' id='word_1_13' title='bbox 1444 787 1447 792; x_wconf 83' lang='lat'>&#39;</span> 
     </span>
    </p>
   </div>
   <div class='ocr_carea' id='block_1_3' title="bbox 949 921 1244 1038">
    <p class='ocr_par' dir='ltr' id='par_1_3' title="bbox 949 921 1244 1038">
     <span class='ocr_line' id='line_1_4' title="bbox 949 921 1244 1038; baseline -0.02 0"><span class='ocrx_word' id='word_1_14' title='bbox 949 991 1123 1038; x_wconf 69' lang='lat' dir='ltr'>urceum</span> <span class='ocrx_word' id='word_1_15' title='bbox 1126 991 1168 1034; x_wconf 73' lang='lat'>21</span> <span class='ocrx_word' id='word_1_16' title='bbox 1217 921 1244 970; x_wconf 46' lang='grc' dir='ltr'><strong>θ</strong></span> 
     </span>
    </p>
   </div>
   <div class='ocr_carea' id='block_1_4' title="bbox 529 1155 1596 1245">
    <p class='ocr_par' dir='ltr' id='par_1_4' title="bbox 529 1155 1596 1245">
     <span class='ocr_line' id='line_1_5' title="bbox 529 1155 1596 1245; baseline 0.002 -19"><span class='ocrx_word' id='word_1_17' title='bbox 529 1155 769 1230; x_wconf 79' lang='lat' dir='ltr'>Jontttnns</span> <span class='ocrx_word' id='word_1_18' title='bbox 791 1157 949 1245; x_wconf 81' lang='lat' dir='ltr'>GIESE,</span> <span class='ocrx_word' id='word_1_19' title='bbox 972 1155 1596 1230; x_wconf 73' lang='lat' dir='ltr'>PunnnnEuGA-ntucntcus</span> 
     </span>
    </p>
   </div>
   <div class='ocr_carea' id='block_1_5' title="bbox 782 1417 1324 1469">
    <p class='ocr_par' dir='ltr' id='par_1_5' title="bbox 782 1417 1324 1469">
     <span class='ocr_line' id='line_1_6' title="bbox 782 1417 1324 1469; baseline -0.011 -7"><span class='ocrx_word' id='word_1_20' title='bbox 782 1417 1324 1469; x_wconf 56' lang='lat' dir='ltr'>—r-w--r</span> 
     </span>
    </p>
   </div>
   <div class='ocr_carea' id='block_1_6' title="bbox 890 1659 1231 1734">
    <p class='ocr_par' dir='ltr' id='par_1_6' title="bbox 890 1659 1231 1734">
     <span class='ocr_line' id='line_1_7' title="bbox 890 1659 1231 1734; baseline 0 -4"><span class='ocrx_word' id='word_1_21' title='bbox 890 1659 1231 1734; x_wconf 75' lang='lat' dir='ltr'>INGRESSUS.</span> 
     </span>
    </p>
   </div>
   <div class='ocr_carea' id='block_1_7' title="bbox 218 1819 2011 4320">
    <p class='ocr_par' dir='ltr' id='par_1_7' title="bbox 218 1819 2011 4320">
     <span class='ocr_line' id='line_1_8' title="bbox 220 1819 1895 2024; baseline 0.005 -35"><span class='ocrx_word' id='word_1_22' title='bbox 220 1819 334 2013; x_wconf 80' lang='lat' dir='ltr'>Qui</span> <span class='ocrx_word' id='word_1_23' title='bbox 360 1915 569 2016; x_wconf 74' lang='lat' dir='ltr'>principum</span> <span class='ocrx_word' id='word_1_24' title='bbox 596 1933 816 1994; x_wconf 79' lang='lat' dir='ltr'>venerantur</span> <span class='ocrx_word' id='word_1_25' title='bbox 839 1934 1006 2023; x_wconf 83' lang='lat' dir='ltr'>sceptra,</span> <span class='ocrx_word' id='word_1_26' title='bbox 1031 1939 1067 2002; x_wconf 87' lang='lat' dir='ltr'>et</span> <span class='ocrx_word' id='word_1_27' title='bbox 1093 1951 1166 2000; x_wconf 91' lang='lat' dir='ltr'>non</span> <span class='ocrx_word' id='word_1_28' title='bbox 1193 1926 1262 2001; x_wconf 89' lang='lat' dir='ltr'>nisi</span> <span class='ocrx_word' id='word_1_29' title='bbox 1281 1923 1443 2024; x_wconf 77' lang='lat' dir='ltr'>obsequii</span> <span class='ocrx_word' id='word_1_30' title='bbox 1463 1922 1618 2022; x_wconf 81' lang='lat' dir='ltr'>gloriam</span> <span class='ocrx_word' id='word_1_31' title='bbox 1639 1921 1710 1996; x_wconf 88' lang='lat' dir='ltr'>sibi</span> <span class='ocrx_word' id='word_1_32' title='bbox 1728 1921 1895 2000; x_wconf 87' lang='lat' dir='ltr'>relictum</span> 
     </span>
     <span class='ocr_line' id='line_1_9' title="bbox 220 2016 1896 2126; baseline 0.004 -34"><span class='ocrx_word' id='word_1_33' title='bbox 220 2043 295 2092; x_wconf 84' lang='lat' dir='ltr'>csse</span> <span class='ocrx_word' id='word_1_34' title='bbox 321 2016 521 2117; x_wconf 77' lang='lat' dir='ltr'>prudenter</span> <span class='ocrx_word' id='word_1_35' title='bbox 546 2041 668 2092; x_wconf 89' lang='lat' dir='ltr'>secum</span> <span class='ocrx_word' id='word_1_36' title='bbox 695 2021 944 2122; x_wconf 89' lang='lat' dir='ltr'>perpendunt,</span> <span class='ocrx_word' id='word_1_37' title='bbox 971 2023 1027 2096; x_wconf 88' lang='lat' dir='ltr'>illi</span> <span class='ocrx_word' id='word_1_38' title='bbox 1053 2033 1231 2126; x_wconf 88' lang='lat' dir='ltr'>optimum</span> <span class='ocrx_word' id='word_1_39' title='bbox 1258 2039 1405 2098; x_wconf 86' lang='lat' dir='ltr'>censent</span> <span class='ocrx_word' id='word_1_40' title='bbox 1424 2049 1498 2097; x_wconf 84' lang='lat' dir='ltr'>esse</span> <span class='ocrx_word' id='word_1_41' title='bbox 1516 2021 1744 2113; x_wconf 86' lang='lat' dir='ltr'>libertatem,</span> <span class='ocrx_word' id='word_1_42' title='bbox 1769 2047 1896 2098; x_wconf 83' lang='lat' dir='ltr'>secuu-</span> 
     </span>
     <span class='ocr_line' id='line_1_10' title="bbox 221 2113 1899 2228; baseline 0.003 -38"><span class='ocrx_word' id='word_1_43' title='bbox 221 2121 308 2190; x_wconf 89' lang='lat' dir='ltr'>dum</span> <span class='ocrx_word' id='word_1_44' title='bbox 337 2113 378 2204; x_wconf 92' lang='lat' dir='ltr'>ll.</span> <span class='ocrx_word' id='word_1_45' title='bbox 404 2118 538 2190; x_wconf 83' lang='lat' dir='ltr'>vivere.</span> <span class='ocrx_word' id='word_1_46' title='bbox 566 2118 730 2194; x_wconf 90' lang='lat' dir='ltr'>Tantum</span> <span class='ocrx_word' id='word_1_47' title='bbox 756 2125 855 2194; x_wconf 88' lang='lat' dir='ltr'>enim</span> <span class='ocrx_word' id='word_1_48' title='bbox 881 2125 995 2196; x_wconf 88' lang='lat' dir='ltr'>cuivis</span> <span class='ocrx_word' id='word_1_49' title='bbox 1022 2125 1129 2217; x_wconf 91' lang='lat' dir='ltr'>licet,</span> <span class='ocrx_word' id='word_1_50' title='bbox 1154 2140 1332 2228; x_wconf 81' lang='lat' dir='ltr'>quamtum</span> <span class='ocrx_word' id='word_1_51' title='bbox 1361 2147 1424 2223; x_wconf 88' lang='lat' dir='ltr'>per</span> <span class='ocrx_word' id='word_1_52' title='bbox 1450 2123 1491 2196; x_wconf 95' lang='lat' dir='ltr'>ll.</span> <span class='ocrx_word' id='word_1_53' title='bbox 1527 2124 1630 2214; x_wconf 86' lang='lat' dir='ltr'>licet;</span> <span class='ocrx_word' id='word_1_54' title='bbox 1659 2122 1755 2196; x_wconf 84' lang='lat' dir='ltr'>unde</span> <span class='ocrx_word' id='word_1_55' title='bbox 1788 2123 1899 2197; x_wconf 85' lang='lat' dir='ltr'>liber·</span> 
     </span>
     <span class='ocr_line' id='line_1_11' title="bbox 223 2213 1902 2324; baseline 0.001 -33"><span class='ocrx_word' id='word_1_56' title='bbox 223 2231 336 2292; x_wconf 89' lang='lat' dir='ltr'>tatem</span> <span class='ocrx_word' id='word_1_57' title='bbox 367 2213 613 2318; x_wconf 75' lang='lat' dir='ltr'>descripturus</span> <span class='ocrx_word' id='word_1_58' title='bbox 646 2225 862 2314; x_wconf 83' lang='lat' dir='ltr'>imeretur,</span> <span class='ocrx_word' id='word_1_59' title='bbox 891 2223 997 2296; x_wconf 92' lang='lat' dir='ltr'>illam</span> <span class='ocrx_word' id='word_1_60' title='bbox 1024 2227 1171 2323; x_wconf 90' lang='lat' dir='ltr'>quidem</span> <span class='ocrx_word' id='word_1_61' title='bbox 1198 2221 1402 2299; x_wconf 76' lang='lat' dir='ltr'>naturalem</span> <span class='ocrx_word' id='word_1_62' title='bbox 1437 2222 1645 2296; x_wconf 79' lang='lat' dir='ltr'>facultatem</span> <span class='ocrx_word' id='word_1_63' title='bbox 1679 2223 1770 2295; x_wconf 87' lang='lat' dir='ltr'>dicit</span> <span class='ocrx_word' id='word_1_64' title='bbox 1804 2227 1902 2324; x_wconf 88' lang='lat' dir='ltr'>ejus,</span> 
     </span>
     <span class='ocr_line' id='line_1_12' title="bbox 223 2315 1901 2424; baseline 0.004 -34"><span class='ocrx_word' id='word_1_65' title='bbox 223 2319 326 2419; x_wconf 86' lang='lat' dir='ltr'>quod</span> <span class='ocrx_word' id='word_1_66' title='bbox 351 2326 488 2416; x_wconf 81' lang='lat' dir='ltr'>cuique</span> <span class='ocrx_word' id='word_1_67' title='bbox 503 2315 640 2417; x_wconf 81' lang='lat' dir='ltr'>frrccre</span> <span class='ocrx_word' id='word_1_68' title='bbox 666 2327 695 2395; x_wconf 85' lang='lat' dir='ltr'>li</span> <span class='ocrx_word' id='word_1_69' title='bbox 742 2337 775 2411; x_wconf 87' lang='lat' dir='ltr'>t,</span> <span class='ocrx_word' id='word_1_70' title='bbox 800 2325 863 2396; x_wconf 88' lang='lat' dir='ltr'>sed</span> <span class='ocrx_word' id='word_1_71' title='bbox 891 2347 976 2396; x_wconf 85' lang='lat' dir='ltr'>mcx</span> <span class='ocrx_word' id='word_1_72' title='bbox 1002 2329 1048 2399; x_wconf 87' lang='lat' dir='ltr'>ad</span> <span class='ocrx_word' id='word_1_73' title='bbox 1076 2325 1257 2424; x_wconf 81' lang='lat' dir='ltr'>legitimos</span> <span class='ocrx_word' id='word_1_74' title='bbox 1284 2325 1449 2398; x_wconf 83' lang='lat' dir='ltr'>tramites</span> <span class='ocrx_word' id='word_1_75' title='bbox 1474 2324 1663 2398; x_wconf 84' lang='lat' dir='ltr'>licentiam</span> <span class='ocrx_word' id='word_1_76' title='bbox 1683 2321 1775 2394; x_wconf 79' lang='lat' dir='ltr'>lianc</span> <span class='ocrx_word' id='word_1_77' title='bbox 1801 2347 1901 2396; x_wconf 88' lang='lat' dir='ltr'>revo-</span> 
     </span>
     <span class='ocr_line' id='line_1_13' title="bbox 220 2420 2011 2524; baseline 0.002 -32"><span class='ocrx_word' id='word_1_78' title='bbox 220 2433 297 2509; x_wconf 88' lang='lat' dir='ltr'>cat,</span> <span class='ocrx_word' id='word_1_79' title='bbox 322 2421 397 2490; x_wconf 87' lang='lat' dir='ltr'>nisi</span> <span class='ocrx_word' id='word_1_80' title='bbox 422 2422 518 2516; x_wconf 87' lang='lat' dir='ltr'>quid</span> <span class='ocrx_word' id='word_1_81' title='bbox 534 2429 628 2516; x_wconf 81' lang='lat' dir='ltr'>jure</span> <span class='ocrx_word' id='word_1_82' title='bbox 648 2422 907 2519; x_wconf 77' lang='lat' dir='ltr'>prohibeatur.</span> <span class='ocrx_word' id='word_1_83' title='bbox 934 2425 1080 2524; x_wconf 90' lang='lat' dir='ltr'>Quapro</span> <span class='ocrx_word' id='word_1_84' title='bbox 1123 2453 1163 2499; x_wconf 92' lang='lat' dir='ltr'>er</span> <span class='ocrx_word' id='word_1_85' title='bbox 1188 2449 1337 2500; x_wconf 88' lang='lat' dir='ltr'>omnem</span> <span class='ocrx_word' id='word_1_86' title='bbox 1362 2420 1470 2500; x_wconf 87' lang='lat' dir='ltr'>illurn</span> <span class='ocrx_word' id='word_1_87' title='bbox 1490 2437 1634 2511; x_wconf 91' lang='lat' dir='ltr'>actum,</span> <span class='ocrx_word' id='word_1_88' title='bbox 1653 2443 1801 2496; x_wconf 87' lang='lat' dir='ltr'>omnem</span> <span class='ocrx_word' id='word_1_89' title='bbox 1817 2445 1901 2496; x_wconf 85' lang='lat' dir='ltr'>con·</span> <span class='ocrx_word' id='word_1_90' title='bbox 2007 2443 2011 2450; x_wconf 87' lang='lat'>·</span> 
     </span>
     <span class='ocr_line' id='line_1_14' title="bbox 221 2441 1902 2624; baseline 0.002 -32"><span class='ocrx_word' id='word_1_91' title='bbox 221 2533 402 2608; x_wconf 90' lang='lat' dir='ltr'>tractum,</span> <span class='ocrx_word' id='word_1_92' title='bbox 429 2522 503 2592; x_wconf 91' lang='lat' dir='ltr'>imo</span> <span class='ocrx_word' id='word_1_93' title='bbox 528 2533 564 2590; x_wconf 91' lang='lat' dir='ltr'>et</span> <span class='ocrx_word' id='word_1_94' title='bbox 591 2525 841 2621; x_wconf 75' lang='lat' dir='ltr'>Juromentum</span> <span class='ocrx_word' id='word_1_95' title='bbox 867 2523 1030 2597; x_wconf 87' lang='lat' dir='ltr'>nullitati</span> <span class='ocrx_word' id='word_1_96' title='bbox 1054 2441 1252 2600; x_wconf 70' lang='lat' dir='ltr'>oiloxium</span> <span class='ocrx_word' id='word_1_97' title='bbox 1285 2537 1432 2598; x_wconf 89' lang='lat' dir='ltr'>censent</span> <span class='ocrx_word' id='word_1_98' title='bbox 1468 2528 1547 2624; x_wconf 73' lang='lat' dir='ltr'>jura</span> <span class='ocrx_word' id='word_1_99' title='bbox 1583 2533 1725 2609; x_wconf 83' lang='lat' dir='ltr'>austra,</span> <span class='ocrx_word' id='word_1_100' title='bbox 1755 2521 1786 2592; x_wconf 84' lang='lat' dir='ltr'>si</span> <span class='ocrx_word' id='word_1_101' title='bbox 1823 2522 1902 2618; x_wconf 74' lang='lat' dir='ltr'>lege</span> 
     </span>
     <span class='ocr_line' id='line_1_15' title="bbox 223 2617 1904 2720; baseline 0.001 -30"><span class='ocrx_word' id='word_1_102' title='bbox 223 2617 437 2720; x_wconf 89' lang='lat' dir='ltr'>prolribente</span> <span class='ocrx_word' id='word_1_103' title='bbox 461 2622 693 2719; x_wconf 82' lang='lat' dir='ltr'>suscipietur,</span> <span class='ocrx_word' id='word_1_104' title='bbox 720 2625 746 2694; x_wconf 84' lang='lat' dir='ltr'>i.</span> <span class='ocrx_word' id='word_1_105' title='bbox 773 2645 846 2694; x_wconf 90' lang='lat' dir='ltr'>non</span> <span class='ocrx_word' id='word_1_106' title='bbox 872 2622 1028 2695; x_wconf 83' lang='lat' dir='ltr'>drtbium</span> <span class='ocrx_word' id='word_1_107' title='bbox 1054 2627 1091 2700; x_wconf 88' lang='lat'>5.</span> <span class='ocrx_word' id='word_1_108' title='bbox 1118 2651 1151 2700; x_wconf 82' lang='lat' dir='ltr'>o.</span> <span class='ocrx_word' id='word_1_109' title='bbox 1179 2627 1226 2700; x_wconf 84' lang='lat' dir='ltr'>dc</span> <span class='ocrx_word' id='word_1_110' title='bbox 1253 2630 1295 2698; x_wconf 85' lang='lat' dir='ltr'>ii.</span> <span class='ocrx_word' id='word_1_111' title='bbox 1322 2624 1416 2695; x_wconf 85' lang='lat' dir='ltr'>Cum</span> <span class='ocrx_word' id='word_1_112' title='bbox 1446 2647 1531 2694; x_wconf 87' lang='lat' dir='ltr'>vero</span> <span class='ocrx_word' id='word_1_113' title='bbox 1558 2621 1597 2694; x_wconf 92' lang='lat' dir='ltr'>ll.</span> <span class='ocrx_word' id='word_1_114' title='bbox 1619 2620 1786 2696; x_wconf 80' lang='lat' dir='ltr'>civilium</span> <span class='ocrx_word' id='word_1_115' title='bbox 1806 2623 1904 2720; x_wconf 80' lang='lat' dir='ltr'>rigor</span> 
     </span>
     <span class='ocr_line' id='line_1_16' title="bbox 220 2719 1903 2823; baseline 0.001 -31"><span class='ocrx_word' id='word_1_116' title='bbox 220 2743 265 2792; x_wconf 85' lang='lat' dir='ltr'>cx</span> <span class='ocrx_word' id='word_1_117' title='bbox 290 2723 382 2820; x_wconf 85' lang='lat' dir='ltr'>justa</span> <span class='ocrx_word' id='word_1_118' title='bbox 408 2719 625 2820; x_wconf 85' lang='lat' dir='ltr'>quandoque</span> <span class='ocrx_word' id='word_1_119' title='bbox 650 2747 753 2795; x_wconf 83' lang='lat' dir='ltr'>causa</span> <span class='ocrx_word' id='word_1_120' title='bbox 782 2723 1039 2822; x_wconf 84' lang='lat' dir='ltr'>temperandus</span> <span class='ocrx_word' id='word_1_121' title='bbox 1066 2729 1206 2816; x_wconf 82' lang='lat' dir='ltr'>veniat,</span> <span class='ocrx_word' id='word_1_122' title='bbox 1231 2739 1268 2798; x_wconf 93' lang='lat' dir='ltr'>et</span> <span class='ocrx_word' id='word_1_123' title='bbox 1293 2748 1357 2823; x_wconf 91' lang='lat' dir='ltr'>pro</span> <span class='ocrx_word' id='word_1_124' title='bbox 1382 2721 1739 2794; x_wconf 81' lang='lat' dir='ltr'>circumstantiarum</span> <span class='ocrx_word' id='word_1_125' title='bbox 1761 2723 1903 2794; x_wconf 85' lang='lat' dir='ltr'>ratione</span> 
     </span>
     <span class='ocr_line' id='line_1_17' title="bbox 218 2819 1901 2923; baseline -0.001 -29"><span class='ocrx_word' id='word_1_126' title='bbox 218 2823 258 2894; x_wconf 86' lang='lat' dir='ltr'>in</span> <span class='ocrx_word' id='word_1_127' title='bbox 286 2819 440 2918; x_wconf 89' lang='lat' dir='ltr'>privatis</span> <span class='ocrx_word' id='word_1_128' title='bbox 465 2823 601 2894; x_wconf 81' lang='lat' dir='ltr'>civium</span> <span class='ocrx_word' id='word_1_129' title='bbox 630 2824 782 2920; x_wconf 84' lang='lat' dir='ltr'>negotiis</span> <span class='ocrx_word' id='word_1_130' title='bbox 807 2847 826 2894; x_wconf 86' lang='lat' dir='ltr'>a</span> <span class='ocrx_word' id='word_1_131' title='bbox 855 2821 977 2918; x_wconf 84' lang='lat' dir='ltr'>regula</span> <span class='ocrx_word' id='word_1_132' title='bbox 1004 2823 1200 2923; x_wconf 86' lang='lat' dir='ltr'>aliquando</span> <span class='ocrx_word' id='word_1_133' title='bbox 1226 2823 1507 2914; x_wconf 88' lang='lat' dir='ltr'>discedendum,</span> <span class='ocrx_word' id='word_1_134' title='bbox 1533 2823 1570 2894; x_wconf 90' lang='lat' dir='ltr'>id</span> <span class='ocrx_word' id='word_1_135' title='bbox 1598 2846 1683 2894; x_wconf 89' lang='lat' dir='ltr'>vero</span> <span class='ocrx_word' id='word_1_136' title='bbox 1701 2819 1822 2894; x_wconf 86' lang='lat' dir='ltr'>secisse</span> <span class='ocrx_word' id='word_1_137' title='bbox 1839 2825 1901 2922; x_wconf 75' lang='lat' dir='ltr'>p‘e·</span> 
     </span>
     <span class='ocr_line' id='line_1_18' title="bbox 220 2921 1902 3025; baseline 0.001 -33"><span class='ocrx_word' id='word_1_138' title='bbox 220 2921 418 2992; x_wconf 85' lang='lat' dir='ltr'>ricuiusum</span> <span class='ocrx_word' id='word_1_139' title='bbox 445 2923 518 3010; x_wconf 88' lang='lat' dir='ltr'>sit,</span> <span class='ocrx_word' id='word_1_140' title='bbox 541 2923 587 2996; x_wconf 85' lang='lat' dir='ltr'>ad</span> <span class='ocrx_word' id='word_1_141' title='bbox 614 2922 721 2994; x_wconf 92' lang='lat' dir='ltr'>illum</span> <span class='ocrx_word' id='word_1_142' title='bbox 749 2923 1011 2997; x_wconf 88' lang='lat' dir='ltr'>recurrendum</span> <span class='ocrx_word' id='word_1_143' title='bbox 1037 2937 1110 3015; x_wconf 89' lang='lat' dir='ltr'>est,</span> <span class='ocrx_word' id='word_1_144' title='bbox 1135 2927 1197 3025; x_wconf 89' lang='lat' dir='ltr'>qui</span> <span class='ocrx_word' id='word_1_145' title='bbox 1236 2925 1275 2998; x_wconf 85' lang='lat' dir='ltr'>ll.</span> <span class='ocrx_word' id='word_1_146' title='bbox 1310 2923 1477 2996; x_wconf 81' lang='lat' dir='ltr'>civilium</span> <span class='ocrx_word' id='word_1_147' title='bbox 1510 2921 1654 2994; x_wconf 81' lang='lat' dir='ltr'>uincula</span> <span class='ocrx_word' id='word_1_148' title='bbox 1690 2921 1832 3013; x_wconf 84' lang='lat' dir='ltr'>laxare,</span> <span class='ocrx_word' id='word_1_149' title='bbox 1864 2934 1902 2993; x_wconf 89' lang='lat' dir='ltr'>et</span> 
     </span>
     <span class='ocr_line' id='line_1_19' title="bbox 219 3021 1899 3125; baseline 0 -32"><span class='ocrx_word' id='word_1_150' title='bbox 219 3023 320 3093; x_wconf 88' lang='lat' dir='ltr'>inter</span> <span class='ocrx_word' id='word_1_151' title='bbox 345 3023 567 3118; x_wconf 81' lang='lat' dir='ltr'>aequitatem</span> <span class='ocrx_word' id='word_1_152' title='bbox 594 3023 720 3122; x_wconf 86' lang='lat' dir='ltr'>jusque</span> <span class='ocrx_word' id='word_1_153' title='bbox 747 3023 914 3095; x_wconf 85' lang='lat' dir='ltr'>strictum</span> <span class='ocrx_word' id='word_1_154' title='bbox 942 3025 1109 3098; x_wconf 79' lang='lat' dir='ltr'>invenire</span> <span class='ocrx_word' id='word_1_155' title='bbox 1141 3037 1473 3125; x_wconf 84' lang='lat' dir='ltr'>temperamentum</span> <span class='ocrx_word' id='word_1_156' title='bbox 1509 3034 1627 3119; x_wconf 86' lang='lat' dir='ltr'>potest</span> <span class='ocrx_word' id='word_1_157' title='bbox 1659 3025 1685 3092; x_wconf 84' lang='lat' dir='ltr'>i.</span> <span class='ocrx_word' id='word_1_158' title='bbox 1717 3042 1748 3090; x_wconf 88' lang='lat'>1.</span> <span class='ocrx_word' id='word_1_159' title='bbox 1783 3043 1815 3094; x_wconf 86' lang='lat' dir='ltr'>o.</span> <span class='ocrx_word' id='word_1_160' title='bbox 1852 3021 1899 3094; x_wconf 86' lang='lat' dir='ltr'>de</span> 
     </span>
     <span class='ocr_line' id='line_1_20' title="bbox 222 3117 1899 3222; baseline -0.001 -28"><span class='ocrx_word' id='word_1_161' title='bbox 222 3125 264 3194; x_wconf 86' lang='lat' dir='ltr'>ll.</span> <span class='ocrx_word' id='word_1_162' title='bbox 292 3132 328 3192; x_wconf 87' lang='lat' dir='ltr'>et</span> <span class='ocrx_word' id='word_1_163' title='bbox 355 3117 402 3191; x_wconf 89' lang='lat' dir='ltr'>ab</span> <span class='ocrx_word' id='word_1_164' title='bbox 427 3123 503 3220; x_wconf 84' lang='lat' dir='ltr'>ejus</span> <span class='ocrx_word' id='word_1_165' title='bbox 528 3122 804 3196; x_wconf 87' lang='lat' dir='ltr'>confirmatione</span> <span class='ocrx_word' id='word_1_166' title='bbox 828 3125 1024 3196; x_wconf 76' lang='lat' dir='ltr'>auctoritas</span> <span class='ocrx_word' id='word_1_167' title='bbox 1050 3127 1191 3222; x_wconf 85' lang='lat' dir='ltr'>negotio</span> <span class='ocrx_word' id='word_1_168' title='bbox 1217 3124 1379 3222; x_wconf 87' lang='lat' dir='ltr'>alioquin</span> <span class='ocrx_word' id='word_1_169' title='bbox 1405 3119 1518 3194; x_wconf 91' lang='lat' dir='ltr'>dubio</span> <span class='ocrx_word' id='word_1_170' title='bbox 1544 3119 1787 3193; x_wconf 84' lang='lat' dir='ltr'>concilianda.</span> <span class='ocrx_word' id='word_1_171' title='bbox 1806 3119 1899 3192; x_wconf 91' lang='lat' dir='ltr'>Inde</span> 
     </span>
     <span class='ocr_line' id='line_1_21' title="bbox 222 3218 1990 3322; baseline -0.001 -28"><span class='ocrx_word' id='word_1_172' title='bbox 222 3219 477 3320; x_wconf 83' lang='lat' dir='ltr'>quotidianum</span> <span class='ocrx_word' id='word_1_173' title='bbox 504 3235 558 3295; x_wconf 87' lang='lat' dir='ltr'>est</span> <span class='ocrx_word' id='word_1_174' title='bbox 585 3221 631 3294; x_wconf 90' lang='lat' dir='ltr'>ad</span> <span class='ocrx_word' id='word_1_175' title='bbox 656 3221 777 3296; x_wconf 88' lang='lat' dir='ltr'>aulam</span> <span class='ocrx_word' id='word_1_176' title='bbox 805 3223 1039 3322; x_wconf 87' lang='lat' dir='ltr'>principum,</span> <span class='ocrx_word' id='word_1_177' title='bbox 1066 3239 1257 3322; x_wconf 84' lang='lat' dir='ltr'>tamquam</span> <span class='ocrx_word' id='word_1_178' title='bbox 1283 3245 1422 3294; x_wconf 89' lang='lat' dir='ltr'>sacram</span> <span class='ocrx_word' id='word_1_179' title='bbox 1458 3218 1675 3308; x_wconf 83' lang='lat' dir='ltr'>anchorum,</span> <span class='ocrx_word' id='word_1_180' title='bbox 1705 3218 1900 3316; x_wconf 79' lang='lat' dir='ltr'>coningere</span> <span class='ocrx_word' id='word_1_181' title='bbox 1987 3251 1990 3258; x_wconf 93' lang='lat'>·</span> 
     </span>
     <span class='ocr_line' id='line_1_22' title="bbox 222 3317 1897 3422; baseline 0.001 -29"><span class='ocrx_word' id='word_1_182' title='bbox 222 3334 259 3393; x_wconf 90' lang='lat' dir='ltr'>et</span> <span class='ocrx_word' id='word_1_183' title='bbox 294 3321 424 3418; x_wconf 85' lang='lat' dir='ltr'>negotii</span> <span class='ocrx_word' id='word_1_184' title='bbox 456 3325 544 3420; x_wconf 80' lang='lat' dir='ltr'>gesti</span> <span class='ocrx_word' id='word_1_185' title='bbox 583 3320 785 3398; x_wconf 86' lang='lat' dir='ltr'>solemnem</span> <span class='ocrx_word' id='word_1_186' title='bbox 820 3323 1132 3396; x_wconf 87' lang='lat' dir='ltr'>confirmationem</span> <span class='ocrx_word' id='word_1_187' title='bbox 1163 3323 1319 3422; x_wconf 88' lang='lat' dir='ltr'>supplici</span> <span class='ocrx_word' id='word_1_188' title='bbox 1354 3345 1442 3396; x_wconf 88' lang='lat' dir='ltr'>voce</span> <span class='ocrx_word' id='word_1_189' title='bbox 1464 3320 1659 3418; x_wconf 88' lang='lat' dir='ltr'>postulare.</span> <span class='ocrx_word' id='word_1_190' title='bbox 1691 3317 1783 3390; x_wconf 92' lang='lat' dir='ltr'>Cum</span> <span class='ocrx_word' id='word_1_191' title='bbox 1812 3343 1897 3394; x_wconf 81' lang='lat' dir='ltr'>veru</span> 
     </span>
     <span class='ocr_line' id='line_1_23' title="bbox 221 3416 1897 3523; baseline -0.002 -29"><span class='ocrx_word' id='word_1_192' title='bbox 221 3423 351 3496; x_wconf 88' lang='lat' dir='ltr'>harum</span> <span class='ocrx_word' id='word_1_193' title='bbox 379 3423 699 3498; x_wconf 82' lang='lat' dir='ltr'>confirmationum</span> <span class='ocrx_word' id='word_1_194' title='bbox 725 3422 986 3523; x_wconf 85' lang='lat' dir='ltr'>principalium</span> <span class='ocrx_word' id='word_1_195' title='bbox 1015 3448 1145 3522; x_wconf 86' lang='lat' dir='ltr'>magna</span> <span class='ocrx_word' id='word_1_196' title='bbox 1171 3423 1321 3521; x_wconf 90' lang='lat' dir='ltr'>quidem</span> <span class='ocrx_word' id='word_1_197' title='bbox 1347 3423 1396 3493; x_wconf 88' lang='lat' dir='ltr'>sit</span> <span class='ocrx_word' id='word_1_198' title='bbox 1422 3421 1632 3510; x_wconf 85' lang='lat' dir='ltr'>auctoritas,</span> <span class='ocrx_word' id='word_1_199' title='bbox 1670 3416 1733 3490; x_wconf 84' lang='lat' dir='ltr'>sed</span> <span class='ocrx_word' id='word_1_200' title='bbox 1758 3419 1897 3516; x_wconf 88' lang='lat' dir='ltr'>saepius</span> 
     </span>
     <span class='ocr_line' id='line_1_24' title="bbox 221 3518 1899 3621; baseline -0.003 -27"><span class='ocrx_word' id='word_1_201' title='bbox 221 3524 333 3594; x_wconf 85' lang='lat' dir='ltr'>etiam</span> <span class='ocrx_word' id='word_1_202' title='bbox 361 3519 448 3594; x_wconf 85' lang='lat' dir='ltr'>illae</span> <span class='ocrx_word' id='word_1_203' title='bbox 473 3525 512 3595; x_wconf 90' lang='lat' dir='ltr'>in</span> <span class='ocrx_word' id='word_1_204' title='bbox 538 3521 692 3597; x_wconf 87' lang='lat' dir='ltr'>abusum</span> <span class='ocrx_word' id='word_1_205' title='bbox 719 3523 933 3612; x_wconf 84' lang='lat' dir='ltr'>trahuntur,</span> <span class='ocrx_word' id='word_1_206' title='bbox 965 3525 1042 3595; x_wconf 92' lang='lat' dir='ltr'>imo</span> <span class='ocrx_word' id='word_1_207' title='bbox 1067 3547 1141 3596; x_wconf 88' lang='lat' dir='ltr'>nun</span> <span class='ocrx_word' id='word_1_208' title='bbox 1166 3547 1248 3595; x_wconf 85' lang='lat' dir='ltr'>raro</span> <span class='ocrx_word' id='word_1_209' title='bbox 1278 3537 1401 3595; x_wconf 89' lang='lat' dir='ltr'>contra</span> <span class='ocrx_word' id='word_1_210' title='bbox 1439 3521 1614 3621; x_wconf 86' lang='lat' dir='ltr'>principis</span> <span class='ocrx_word' id='word_1_211' title='bbox 1645 3518 1899 3590; x_wconf 84' lang='lat' dir='ltr'>confirmantia</span> 
     </span>
     <span class='ocr_line' id='line_1_25' title="bbox 222 3619 1896 3720; baseline -0.003 -25"><span class='ocrx_word' id='word_1_212' title='bbox 222 3623 453 3695; x_wconf 86' lang='lat' dir='ltr'>voluntatem</span> <span class='ocrx_word' id='word_1_213' title='bbox 479 3623 744 3714; x_wconf 79' lang='lat' dir='ltr'>extenduntur,</span> <span class='ocrx_word' id='word_1_214' title='bbox 768 3645 840 3694; x_wconf 91' lang='lat' dir='ltr'>non</span> <span class='ocrx_word' id='word_1_215' title='bbox 868 3621 1004 3695; x_wconf 88' lang='lat' dir='ltr'>inutile</span> <span class='ocrx_word' id='word_1_216' title='bbox 1028 3622 1097 3697; x_wconf 91' lang='lat' dir='ltr'>huc</span> <span class='ocrx_word' id='word_1_217' title='bbox 1125 3622 1246 3697; x_wconf 87' lang='lat' dir='ltr'>thema</span> <span class='ocrx_word' id='word_1_218' title='bbox 1274 3624 1420 3712; x_wconf 88' lang='lat' dir='ltr'>censui,</span> <span class='ocrx_word' id='word_1_219' title='bbox 1452 3619 1547 3719; x_wconf 93' lang='lat' dir='ltr'>quod</span> <span class='ocrx_word' id='word_1_220' title='bbox 1584 3619 1793 3720; x_wconf 84' lang='lat' dir='ltr'>speciminis</span> <span class='ocrx_word' id='word_1_221' title='bbox 1818 3642 1896 3690; x_wconf 82' lang='lat' dir='ltr'>acu·</span> 
     </span>
     <span class='ocr_line' id='line_1_26' title="bbox 225 3715 1895 3823; baseline -0.002 -29"><span class='ocrx_word' id='word_1_222' title='bbox 225 3723 358 3794; x_wconf 90' lang='lat' dir='ltr'>demici</span> <span class='ocrx_word' id='word_1_223' title='bbox 387 3721 483 3814; x_wconf 90' lang='lat' dir='ltr'>locu,</span> <span class='ocrx_word' id='word_1_224' title='bbox 509 3735 708 3823; x_wconf 85' lang='lat' dir='ltr'>antequam</span> <span class='ocrx_word' id='word_1_225' title='bbox 734 3721 865 3795; x_wconf 90' lang='lat' dir='ltr'>illustri</span> <span class='ocrx_word' id='word_1_226' title='bbox 895 3723 1148 3796; x_wconf 81' lang='lat' dir='ltr'>fridericianae</span> <span class='ocrx_word' id='word_1_227' title='bbox 1170 3721 1439 3810; x_wconf 85' lang='lat' dir='ltr'>valedicerem,</span> <span class='ocrx_word' id='word_1_228' title='bbox 1465 3717 1615 3818; x_wconf 90' lang='lat' dir='ltr'>publico</span> <span class='ocrx_word' id='word_1_229' title='bbox 1634 3715 1817 3791; x_wconf 84' lang='lat' dir='ltr'>conflictui</span> <span class='ocrx_word' id='word_1_230' title='bbox 1836 3741 1895 3790; x_wconf 83' lang='lat' dir='ltr'>ex-</span> 
     </span>
     <span class='ocr_line' id='line_1_27' title="bbox 222 3818 1896 3922; baseline -0.003 -28"><span class='ocrx_word' id='word_1_231' title='bbox 222 3821 400 3895; x_wconf 85' lang='lat' dir='ltr'>hiberem.</span> <span class='ocrx_word' id='word_1_232' title='bbox 426 3825 606 3916; x_wconf 84' lang='lat' dir='ltr'>Quamvis</span> <span class='ocrx_word' id='word_1_233' title='bbox 629 3835 752 3897; x_wconf 89' lang='lat' dir='ltr'>autem</span> <span class='ocrx_word' id='word_1_234' title='bbox 778 3819 981 3922; x_wconf 89' lang='lat' dir='ltr'>amplitudo</span> <span class='ocrx_word' id='word_1_235' title='bbox 1007 3825 1181 3899; x_wconf 85' lang='lat' dir='ltr'>materiae</span> <span class='ocrx_word' id='word_1_236' title='bbox 1204 3822 1386 3922; x_wconf 82' lang='lat' dir='ltr'>prolixum</span> <span class='ocrx_word' id='word_1_237' title='bbox 1413 3823 1531 3916; x_wconf 81' lang='lat' dir='ltr'>exigat</span> <span class='ocrx_word' id='word_1_238' title='bbox 1565 3819 1842 3908; x_wconf 85' lang='lat' dir='ltr'>tractationem,</span> <span class='ocrx_word' id='word_1_239' title='bbox 1866 3818 1896 3890; x_wconf 88' lang='lat' dir='ltr'>si</span> 
     </span>
     <span class='ocr_line' id='line_1_28' title="bbox 224 3917 1897 4023; baseline -0.003 -29"><span class='ocrx_word' id='word_1_240' title='bbox 224 3936 348 3994; x_wconf 87' lang='lat' dir='ltr'>tumen</span> <span class='ocrx_word' id='word_1_241' title='bbox 372 3947 517 3994; x_wconf 85' lang='lat' dir='ltr'>summa</span> <span class='ocrx_word' id='word_1_242' title='bbox 542 3925 618 4023; x_wconf 75' lang='lat' dir='ltr'>ejus</span> <span class='ocrx_word' id='word_1_243' title='bbox 643 3923 761 4023; x_wconf 86' lang='lat' dir='ltr'>cupita</span> <span class='ocrx_word' id='word_1_244' title='bbox 790 3936 935 3996; x_wconf 89' lang='lat' dir='ltr'>tantum</span> <span class='ocrx_word' id='word_1_245' title='bbox 963 3924 1135 4019; x_wconf 80' lang='lat' dir='ltr'>tetigero,</span> <span class='ocrx_word' id='word_1_246' title='bbox 1162 3923 1255 3996; x_wconf 87' lang='lat' dir='ltr'>milri</span> <span class='ocrx_word' id='word_1_247' title='bbox 1284 3923 1430 3995; x_wconf 86' lang='lat' dir='ltr'>reniam</span> <span class='ocrx_word' id='word_1_248' title='bbox 1455 3919 1650 3993; x_wconf 83' lang='lat' dir='ltr'>scandido</span> <span class='ocrx_word' id='word_1_249' title='bbox 1670 3917 1802 3990; x_wconf 84' lang='lat' dir='ltr'>lectore</span> <span class='ocrx_word' id='word_1_250' title='bbox 1819 3917 1897 4014; x_wconf 92' lang='lat' dir='ltr'>pul·</span> 
     </span>
     <span class='ocr_line' id='line_1_29' title="bbox 224 4017 1897 4121; baseline -0.004 -27"><span class='ocrx_word' id='word_1_251' title='bbox 224 4021 351 4112; x_wconf 62' lang='lat' dir='ltr'>liceum</span> <span class='ocrx_word' id='word_1_252' title='bbox 377 4047 460 4095; x_wconf 92' lang='lat' dir='ltr'>cum</span> <span class='ocrx_word' id='word_1_253' title='bbox 491 4027 664 4121; x_wconf 84' lang='lat' dir='ltr'>temporie</span> <span class='ocrx_word' id='word_1_254' title='bbox 691 4026 781 4095; x_wconf 87' lang='lat' dir='ltr'>ratic</span> <span class='ocrx_word' id='word_1_255' title='bbox 809 4047 879 4094; x_wconf 90' lang='lat' dir='ltr'>non</span> <span class='ocrx_word' id='word_1_256' title='bbox 909 4023 1137 4120; x_wconf 89' lang='lat' dir='ltr'>permiserit,</span> <span class='ocrx_word' id='word_1_257' title='bbox 1164 4021 1319 4121; x_wconf 89' lang='lat' dir='ltr'>pleniori</span> <span class='ocrx_word' id='word_1_258' title='bbox 1339 4046 1450 4094; x_wconf 84' lang='lat' dir='ltr'>manu</span> <span class='ocrx_word' id='word_1_259' title='bbox 1469 4020 1660 4090; x_wconf 85' lang='lat' dir='ltr'>materiam</span> <span class='ocrx_word' id='word_1_260' title='bbox 1680 4017 1773 4090; x_wconf 86' lang='lat' dir='ltr'>hanc</span> <span class='ocrx_word' id='word_1_261' title='bbox 1792 4039 1897 4088; x_wconf 87' lang='lat' dir='ltr'>excu-</span> 
     </span>
     <span class='ocr_line' id='line_1_30' title="bbox 225 4118 1897 4222; baseline -0.003 -29"><span class='ocrx_word' id='word_1_262' title='bbox 225 4137 309 4194; x_wconf 90' lang='lat' dir='ltr'>tere.</span> <span class='ocrx_word' id='word_1_263' title='bbox 337 4121 444 4194; x_wconf 83' lang='lat' dir='ltr'>Faxit</span> <span class='ocrx_word' id='word_1_264' title='bbox 469 4147 554 4195; x_wconf 81' lang='lat' dir='ltr'>veru</span> <span class='ocrx_word' id='word_1_265' title='bbox 574 4123 667 4195; x_wconf 88' lang='lat' dir='ltr'>Deus</span> <span class='ocrx_word' id='word_1_266' title='bbox 693 4126 854 4222; x_wconf 81' lang='lat' dir='ltr'>optimus</span> <span class='ocrx_word' id='word_1_267' title='bbox 880 4120 1083 4213; x_wconf 85' lang='lat' dir='ltr'>Maximus,</span> <span class='ocrx_word' id='word_1_268' title='bbox 1110 4137 1149 4197; x_wconf 91' lang='lat' dir='ltr'>ut</span> <span class='ocrx_word' id='word_1_269' title='bbox 1174 4119 1275 4196; x_wconf 85' lang='lat' dir='ltr'>labor</span> <span class='ocrx_word' id='word_1_270' title='bbox 1301 4119 1379 4214; x_wconf 89' lang='lat' dir='ltr'>hic,</span> <span class='ocrx_word' id='word_1_271' title='bbox 1405 4143 1514 4218; x_wconf 90' lang='lat' dir='ltr'>quem</span> <span class='ocrx_word' id='word_1_272' title='bbox 1542 4119 1699 4218; x_wconf 86' lang='lat' dir='ltr'>suscepi,</span> <span class='ocrx_word' id='word_1_273' title='bbox 1720 4119 1758 4188; x_wconf 91' lang='lat' dir='ltr'>in</span> <span class='ocrx_word' id='word_1_274' title='bbox 1777 4118 1897 4190; x_wconf 89' lang='lat' dir='ltr'>nomi·</span> 
     </span>
     <span class='ocr_line' id='line_1_31' title="bbox 227 4223 922 4320; baseline -0.003 -24"><span class='ocrx_word' id='word_1_275' title='bbox 227 4223 283 4296; x_wconf 90' lang='lat' dir='ltr'>uis</span> <span class='ocrx_word' id='word_1_276' title='bbox 309 4225 419 4320; x_wconf 85' lang='lat' dir='ltr'>ipsius</span> <span class='ocrx_word' id='word_1_277' title='bbox 443 4223 596 4320; x_wconf 84' lang='lat' dir='ltr'>gloriam</span> <span class='ocrx_word' id='word_1_278' title='bbox 621 4223 727 4298; x_wconf 90' lang='lat' dir='ltr'>cedat</span> <span class='ocrx_word' id='word_1_279' title='bbox 753 4223 922 4296; x_wconf 82' lang='lat' dir='ltr'>feliciter!</span> 
     </span>
    </p>
   </div>
   <div class='ocr_carea' id='block_1_8' title="bbox 893 4428 1220 4504">
    <p class='ocr_par' dir='ltr' id='par_1_8' title="bbox 893 4428 1220 4504">
     <span class='ocr_line' id='line_1_32' title="bbox 893 4428 1220 4504; baseline -0.003 -4"><span class='ocrx_word' id='word_1_280' title='bbox 893 4428 1142 4504; x_wconf 76' lang='lat' dir='ltr'><strong>CAPUT</strong></span> <span class='ocrx_word' id='word_1_281' title='bbox 1189 4433 1220 4500; x_wconf 89' lang='lat'>1.</span> 
     </span>
    </p>
   </div>
   <div class='ocr_carea' id='block_1_9' title="bbox 588 4616 1525 4717">
    <p class='ocr_par' dir='ltr' id='par_1_9' title="bbox 588 4616 1525 4717">
     <span class='ocr_line' id='line_1_33' title="bbox 588 4616 1525 4717; baseline -0.004 -29"><span class='ocrx_word' id='word_1_282' title='bbox 588 4621 641 4688; x_wconf 87' lang='lat' dir='ltr'>De</span> <span class='ocrx_word' id='word_1_283' title='bbox 662 4621 937 4713; x_wconf 79' lang='lat' dir='ltr'>confirmationis</span> <span class='ocrx_word' id='word_1_284' title='bbox 957 4623 1164 4717; x_wconf 81' lang='lat' dir='ltr'>principalis</span> <span class='ocrx_word' id='word_1_285' title='bbox 1187 4633 1313 4688; x_wconf 83' lang='lat' dir='ltr'>nutura</span> <span class='ocrx_word' id='word_1_286' title='bbox 1339 4632 1372 4686; x_wconf 83' lang='lat' dir='ltr'>et</span> <span class='ocrx_word' id='word_1_287' title='bbox 1395 4616 1525 4708; x_wconf 73' lang='lat' dir='ltr'>effectu.</span> 
     </span>
    </p>
   </div>
   <div class='ocr_carea' id='block_1_10' title="bbox 215 4832 1903 5756">
    <p class='ocr_par' dir='ltr' id='par_1_10' title="bbox 459 4832 1802 5003">
     <span class='ocr_line' id='line_1_34' title="bbox 459 4832 1802 4908; baseline -0.013 -6"><span class='ocrx_word' id='word_1_288' title='bbox 459 4851 482 4902; x_wconf 76' lang='lat' dir='ltr'>S</span> <span class='ocrx_word' id='word_1_289' title='bbox 502 4851 529 4904; x_wconf 85' lang='lat' dir='ltr'>u</span> <span class='ocrx_word' id='word_1_290' title='bbox 546 4851 578 4902; x_wconf 82' lang='lat' dir='ltr'><em>M</em></span> <span class='ocrx_word' id='word_1_291' title='bbox 595 4849 631 4902; x_wconf 79' lang='lat' dir='ltr'>d!</span> <span class='ocrx_word' id='word_1_292' title='bbox 643 4849 672 4904; x_wconf 79' lang='lat' dir='ltr'><em>A</em></span> <span class='ocrx_word' id='word_1_293' title='bbox 690 4851 720 4904; x_wconf 82' lang='lat' dir='ltr'>n</span> <span class='ocrx_word' id='word_1_294' title='bbox 732 4853 752 4904; x_wconf 95' lang='lat'><em>1</em></span> <span class='ocrx_word' id='word_1_295' title='bbox 766 4851 795 4902; x_wconf 81' lang='lat' dir='ltr'><em>A</em></span> <span class='ocrx_word' id='word_1_296' title='bbox 1080 4842 1337 4908; x_wconf 76' lang='lat' dir='ltr'>Derubrcriuticue.</span> <span class='ocrx_word' id='word_1_297' title='bbox 1352 4838 1555 4908; x_wconf 68' lang='lat' dir='ltr'>subscriptione</span> <span class='ocrx_word' id='word_1_298' title='bbox 1568 4835 1724 4892; x_wconf 70' lang='lat' dir='ltr'>[radiemur.</span> <span class='ocrx_word' id='word_1_299' title='bbox 1738 4832 1763 4904; x_wconf 86' lang='lat'>5.</span> <span class='ocrx_word' id='word_1_300' title='bbox 1774 4833 1802 4886; x_wconf 79' lang='grc'>9.</span> 
     </span>
     <span class='ocr_line' id='line_1_35' title="bbox 486 4920 1688 5003; baseline -0.027 -2"><span class='ocrx_word' id='word_1_301' title='bbox 486 4993 490 4996; x_wconf 97' lang='grc'><strong>.</strong></span> <span class='ocrx_word' id='word_1_302' title='bbox 996 4991 1000 5003; x_wconf 50' lang='lat'>,</span> <span class='ocrx_word' id='word_1_303' title='bbox 1085 4932 1282 4986; x_wconf 66' lang='lat' dir='ltr'>duramentum</span> <span class='ocrx_word' id='word_1_304' title='bbox 1294 4921 1596 4995; x_wconf 72' lang='lat' dir='ltr'>imueonfirmetionir.</span> <span class='ocrx_word' id='word_1_305' title='bbox 1608 4921 1630 4990; x_wconf 87' lang='lat'>5.</span> <span class='ocrx_word' id='word_1_306' title='bbox 1643 4920 1688 4971; x_wconf 79' lang='grc' dir='ltr'>1οι</span> 
     </span>
    </p>

    <p class='ocr_par' dir='ltr' id='par_1_11' title="bbox 215 5005 1903 5174">
     <span class='ocr_line' id='line_1_36' title="bbox 216 5005 1661 5088; baseline -0.02 -3"><span class='ocrx_word' id='word_1_307' title='bbox 216 5015 396 5084; x_wconf 64' lang='lat' dir='ltr'>C⁰nfi7m⁰li⁰</span> <span class='ocrx_word' id='word_1_308' title='bbox 408 5017 474 5088; x_wconf 77' lang='lat' dir='ltr'>quid</span> <span class='ocrx_word' id='word_1_309' title='bbox 485 5015 536 5071; x_wconf 70' lang='lat'>5¹⁸¹?</span> <span class='ocrx_word' id='word_1_310' title='bbox 548 5023 570 5079; x_wconf 80' lang='lat' dir='ltr'>l·</span> <span class='ocrx_word' id='word_1_311' title='bbox 582 5018 608 5070; x_wconf 66' lang='grc' dir='ltr'>ί·</span> <span class='ocrx_word' id='word_1_312' title='bbox 1020 5042 1022 5056; x_wconf 72' lang='lat'>&gt;</span> <span class='ocrx_word' id='word_1_313' title='bbox 1080 5019 1140 5070; x_wconf 84' lang='lat' dir='ltr'>Pro</span> <span class='ocrx_word' id='word_1_314' title='bbox 1149 5010 1362 5084; x_wconf 79' lang='lat' dir='ltr'>confirmatione</span> <span class='ocrx_word' id='word_1_315' title='bbox 1373 5007 1566 5078; x_wconf 73' lang='lat' dir='ltr'>praesumitur.</span> <span class='ocrx_word' id='word_1_316' title='bbox 1579 5005 1603 5070; x_wconf 73' lang='grc'>5.</span> <span class='ocrx_word' id='word_1_317' title='bbox 1615 5006 1661 5056; x_wconf 87' lang='grc'>11.</span> 
     </span>
     <span class='ocr_line' id='line_1_37' title="bbox 215 5081 1903 5174; baseline -0.002 -18"><span class='ocrx_word' id='word_1_318' title='bbox 215 5101 353 5170; x_wconf 79' lang='lat' dir='ltr'>Principia</span> <span class='ocrx_word' id='word_1_319' title='bbox 366 5117 431 5155; x_wconf 79' lang='lat' dir='ltr'>uoce</span> <span class='ocrx_word' id='word_1_320' title='bbox 444 5099 510 5173; x_wconf 76' lang='lat' dir='ltr'>quid</span> <span class='ocrx_word' id='word_1_321' title='bbox 520 5099 705 5170; x_wconf 65' lang='lat' dir='ltr'>intelligutur?</span> <span class='ocrx_word' id='word_1_322' title='bbox 725 5100 772 5156; x_wconf 74' lang='lat' dir='ltr'>ne</span> <span class='ocrx_word' id='word_1_323' title='bbox 789 5101 960 5174; x_wconf 75' lang='lat' dir='ltr'>principibus</span> <span class='ocrx_word' id='word_1_324' title='bbox 977 5102 1031 5158; x_wconf 86' lang='lat' dir='ltr'>inr-</span> <span class='ocrx_word' id='word_1_325' title='bbox 1081 5095 1256 5168; x_wconf 66' lang='lat' dir='ltr'>Confirmatio</span> <span class='ocrx_word' id='word_1_326' title='bbox 1269 5092 1454 5163; x_wconf 59' lang='lat' dir='ltr'>veltttwt&#39;fllt&#39;tr</span> <span class='ocrx_word' id='word_1_327' title='bbox 1468 5085 1811 5160; x_wconf 63' lang='lat' dir='ltr'>vtlSW⁰T150E²⁶⁰¹Pl⁶·</span> <span class='ocrx_word' id='word_1_328' title='bbox 1823 5085 1846 5152; x_wconf 74' lang='grc'>5·</span> <span class='ocrx_word' id='word_1_329' title='bbox 1859 5081 1903 5136; x_wconf 75' lang='lat'>¹²·</span> 
     </span>
    </p>

    <p class='ocr_par' dir='ltr' id='par_1_12' title="bbox 215 5173 1899 5756">
     <span class='ocr_line' id='line_1_38' title="bbox 249 5173 1580 5258; baseline -0.013 -17"><span class='ocrx_word' id='word_1_330' title='bbox 249 5187 327 5258; x_wconf 82' lang='lat' dir='ltr'>perii.</span> <span class='ocrx_word' id='word_1_331' title='bbox 339 5195 362 5248; x_wconf 76' lang='grc' dir='ltr'>ς.</span> <span class='ocrx_word' id='word_1_332' title='bbox 375 5186 399 5240; x_wconf 76' lang='lat'><em>2</em></span> <span class='ocrx_word' id='word_1_333' title='bbox 1081 5178 1268 5250; x_wconf 78' lang='lat' dir='ltr'>Confirmatio</span> <span class='ocrx_word' id='word_1_334' title='bbox 1280 5177 1384 5248; x_wconf 75' lang='lat' dir='ltr'>negotii</span> <span class='ocrx_word' id='word_1_335' title='bbox 1380 5175 1484 5246; x_wconf 84' lang='lat' dir='ltr'>futuri.</span> <span class='ocrx_word' id='word_1_336' title='bbox 1498 5173 1580 5245; x_wconf 83' lang='grc'><strong>513.</strong></span> 
     </span>
     <span class='ocr_line' id='line_1_39' title="bbox 216 5255 1743 5342; baseline -0.014 -15"><span class='ocrx_word' id='word_1_337' title='bbox 216 5271 396 5340; x_wconf 81' lang='lat' dir='ltr'>Confirmatio</span> <span class='ocrx_word' id='word_1_338' title='bbox 409 5269 490 5326; x_wconf 77' lang='lat' dir='ltr'>utilis·</span> <span class='ocrx_word' id='word_1_339' title='bbox 501 5271 618 5326; x_wconf 76' lang='lat' dir='ltr'>Inutilis.</span> <span class='ocrx_word' id='word_1_340' title='bbox 629 5269 654 5342; x_wconf 94' lang='lat'>5.</span> <span class='ocrx_word' id='word_1_341' title='bbox 667 5271 692 5324; x_wconf 79' lang='grc'>3.</span> <span class='ocrx_word' id='word_1_342' title='bbox 1080 5259 1263 5331; x_wconf 80' lang='lat' dir='ltr'>Confirmatio</span> <span class='ocrx_word' id='word_1_343' title='bbox 1278 5260 1409 5327; x_wconf 80' lang='lat' dir='ltr'>dependet</span> <span class='ocrx_word' id='word_1_344' title='bbox 1420 5276 1438 5311; x_wconf 85' lang='lat' dir='ltr'>u</span> <span class='ocrx_word' id='word_1_345' title='bbox 1449 5256 1648 5328; x_wconf 79' lang='lat' dir='ltr'>superioritate·</span> <span class='ocrx_word' id='word_1_346' title='bbox 1662 5256 1683 5322; x_wconf 84' lang='lat'>§·</span> <span class='ocrx_word' id='word_1_347' title='bbox 1698 5255 1743 5306; x_wconf 79' lang='lat' dir='ltr'>ss.</span> 
     </span>
     <span class='ocr_line' id='line_1_40' title="bbox 216 5337 1899 5431; baseline -0.013 -19"><span class='ocrx_word' id='word_1_348' title='bbox 216 5357 399 5430; x_wconf 73' lang='lat' dir='ltr'>Confirmatio</span> <span class='ocrx_word' id='word_1_349' title='bbox 412 5355 440 5408; x_wconf 89' lang='lat' dir='ltr'>in</span> <span class='ocrx_word' id='word_1_350' title='bbox 448 5356 545 5426; x_wconf 73' lang='lat' dir='ltr'>ferrura</span> <span class='ocrx_word' id='word_1_351' title='bbox 556 5373 653 5410; x_wconf 84' lang='lat' dir='ltr'>comm.</span> <span class='ocrx_word' id='word_1_352' title='bbox 665 5374 702 5411; x_wconf 70' lang='grc' dir='ltr'>οε</span> <span class='ocrx_word' id='word_1_353' title='bbox 713 5366 787 5412; x_wconf 79' lang='lat' dir='ltr'>certe</span> <span class='ocrx_word' id='word_1_354' title='bbox 796 5357 918 5415; x_wconf 66' lang='lat' dir='ltr'>scientio.</span> <span class='ocrx_word' id='word_1_355' title='bbox 931 5359 956 5431; x_wconf 84' lang='lat'>5.</span> <span class='ocrx_word' id='word_1_356' title='bbox 970 5359 996 5412; x_wconf 78' lang='grc'>1.</span> <span class='ocrx_word' id='word_1_357' title='bbox 1079 5343 1213 5417; x_wconf 77' lang='lat' dir='ltr'>Effectrre.</span> <span class='ocrx_word' id='word_1_358' title='bbox 1227 5343 1409 5412; x_wconf 75' lang='lat' dir='ltr'>Confirmatio</span> <span class='ocrx_word' id='word_1_359' title='bbox 1422 5341 1561 5412; x_wconf 80' lang='lat' dir='ltr'>inforare</span> <span class='ocrx_word' id='word_1_360' title='bbox 1577 5341 1719 5396; x_wconf 86' lang='lat' dir='ltr'>cummuni</span> <span class='ocrx_word' id='word_1_361' title='bbox 1741 5337 1811 5394; x_wconf 86' lang='lat' dir='ltr'>niirii</span> <span class='ocrx_word' id='word_1_362' title='bbox 1828 5340 1899 5393; x_wconf 84' lang='lat' dir='ltr'>noui</span> 
     </span>
     <span class='ocr_line' id='line_1_41' title="bbox 215 5427 1323 5514; baseline -0.015 -18"><span class='ocrx_word' id='word_1_363' title='bbox 215 5446 266 5496; x_wconf 88' lang='lat' dir='ltr'>An</span> <span class='ocrx_word' id='word_1_364' title='bbox 278 5453 356 5496; x_wconf 80' lang='lat' dir='ltr'>err-ta</span> <span class='ocrx_word' id='word_1_365' title='bbox 368 5439 480 5493; x_wconf 73' lang='lat' dir='ltr'>scientia</span> <span class='ocrx_word' id='word_1_366' title='bbox 493 5442 529 5494; x_wconf 82' lang='lat' dir='ltr'>rit</span> <span class='ocrx_word' id='word_1_367' title='bbox 540 5441 736 5506; x_wconf 67' lang='lat' dir='ltr'>exprimenda?</span> <span class='ocrx_word' id='word_1_368' title='bbox 748 5442 776 5514; x_wconf 87' lang='grc'>5.</span> <span class='ocrx_word' id='word_1_369' title='bbox 786 5442 811 5494; x_wconf 82' lang='lat' dir='ltr'>t.</span> <span class='ocrx_word' id='word_1_370' title='bbox 1115 5427 1227 5484; x_wconf 81' lang='lat' dir='ltr'>inducit.</span> <span class='ocrx_word' id='word_1_371' title='bbox 1239 5427 1264 5498; x_wconf 88' lang='grc'>5.</span> <span class='ocrx_word' id='word_1_372' title='bbox 1278 5427 1323 5480; x_wconf 79' lang='lat' dir='ltr'>tn.</span> 
     </span>
     <span class='ocr_line' id='line_1_42' title="bbox 215 5509 1560 5596; baseline 0.001 -15"><span class='ocrx_word' id='word_1_373' title='bbox 215 5531 265 5582; x_wconf 87' lang='lat' dir='ltr'>An</span> <span class='ocrx_word' id='word_1_374' title='bbox 275 5525 411 5596; x_wconf 74' lang='lat' dir='ltr'>negotium</span> <span class='ocrx_word' id='word_1_375' title='bbox 423 5521 508 5592; x_wconf 79' lang='lat' dir='ltr'>iprum</span> <span class='ocrx_word' id='word_1_376' title='bbox 519 5523 728 5596; x_wconf 72' lang='lat' dir='ltr'>confirmationi</span> <span class='ocrx_word' id='word_1_377' title='bbox 736 5522 922 5578; x_wconf 74' lang='lat' dir='ltr'>inserendum?</span> <span class='ocrx_word' id='word_1_378' title='bbox 934 5526 956 5594; x_wconf 79' lang='grc'>5.</span> <span class='ocrx_word' id='word_1_379' title='bbox 970 5525 996 5578; x_wconf 80' lang='lat' dir='ltr'>d.</span> <span class='ocrx_word' id='word_1_380' title='bbox 1079 5511 1147 5564; x_wconf 64' lang='grc' dir='ltr'>ΝΜ</span> <span class='ocrx_word' id='word_1_381' title='bbox 1159 5521 1247 5565; x_wconf 70' lang='lat'>&#39;‘¹⁰¹²&#39;&#39;</span> <span class='ocrx_word' id='word_1_382' title='bbox 1258 5512 1344 5579; x_wconf 69' lang='lat' dir='ltr'><strong><em>le</em></strong></span> <span class='ocrx_word' id='word_1_383' title='bbox 1355 5509 1466 5564; x_wconf 51' lang='lat' dir='ltr'>‘&#39;¹¹¹¹‘lllffi</span> <span class='ocrx_word' id='word_1_384' title='bbox 1478 5511 1503 5582; x_wconf 91' lang='grc'>5·</span> <span class='ocrx_word' id='word_1_385' title='bbox 1517 5511 1560 5564; x_wconf 72' lang='lat'>¹⁶·</span> 
     </span>
     <span class='ocr_line' id='line_1_43' title="bbox 215 5593 1719 5680; baseline -0.011 -16"><span class='ocrx_word' id='word_1_386' title='bbox 215 5613 265 5664; x_wconf 84' lang='lat' dir='ltr'>An</span> <span class='ocrx_word' id='word_1_387' title='bbox 277 5610 315 5664; x_wconf 80' lang='lat' dir='ltr'>ud</span> <span class='ocrx_word' id='word_1_388' title='bbox 327 5608 565 5678; x_wconf 81' lang='lat' dir='ltr'>confirmationem</span> <span class='ocrx_word' id='word_1_389' title='bbox 577 5609 708 5663; x_wconf 83' lang='lat' dir='ltr'>citatione</span> <span class='ocrx_word' id='word_1_390' title='bbox 720 5609 847 5680; x_wconf 76' lang='lat' dir='ltr'>spuerit?</span> <span class='ocrx_word' id='word_1_391' title='bbox 858 5618 880 5674; x_wconf 74' lang='grc' dir='ltr'>ς.</span> <span class='ocrx_word' id='word_1_392' title='bbox 892 5612 918 5662; x_wconf 87' lang='grc'>’1.</span> <span class='ocrx_word' id='word_1_393' title='bbox 1081 5595 1126 5648; x_wconf 61' lang='lat' dir='ltr'>Di</span> <span class='ocrx_word' id='word_1_394' title='bbox 1138 5593 1351 5666; x_wconf 66' lang='lat' dir='ltr'>⁶⁰&#39;&#39;fi&#39;mssli&#39;m</span> <span class='ocrx_word' id='word_1_395' title='bbox 1362 5593 1497 5664; x_wconf 57' lang='lat' dir='ltr'>infirm</span> <span class='ocrx_word' id='word_1_396' title='bbox 1506 5595 1625 5666; x_wconf 71' lang='lat' dir='ltr'>speciata.</span> <span class='ocrx_word' id='word_1_397' title='bbox 1638 5595 1719 5668; x_wconf 77' lang='grc'><strong>517.</strong></span> 
     </span>
     <span class='ocr_line' id='line_1_44' title="bbox 216 5677 1572 5756; baseline -0.01 -10"><span class='ocrx_word' id='word_1_398' title='bbox 216 5696 266 5746; x_wconf 84' lang='lat' dir='ltr'>An</span> <span class='ocrx_word' id='word_1_399' title='bbox 276 5691 409 5749; x_wconf 79' lang='lat' dir='ltr'>solemnia</span> <span class='ocrx_word' id='word_1_400' title='bbox 420 5689 588 5748; x_wconf 73' lang='lat' dir='ltr'>adhihenda?</span> <span class='ocrx_word' id='word_1_401' title='bbox 599 5697 620 5756; x_wconf 80' lang='grc' dir='ltr'>ς.</span> <span class='ocrx_word' id='word_1_402' title='bbox 632 5693 659 5746; x_wconf 83' lang='lat'>8.</span> <span class='ocrx_word' id='word_1_403' title='bbox 1083 5680 1125 5736; x_wconf 82' lang='lat' dir='ltr'>De</span> <span class='ocrx_word' id='word_1_404' title='bbox 1137 5677 1266 5750; x_wconf 78' lang='lat' dir='ltr'>clausule,</span> <span class='ocrx_word' id='word_1_405' title='bbox 1280 5696 1337 5735; x_wconf 88' lang='lat' dir='ltr'>non</span> <span class='ocrx_word' id='word_1_406' title='bbox 1351 5677 1480 5734; x_wconf 79' lang='lat' dir='ltr'>sistente.</span> <span class='ocrx_word' id='word_1_407' title='bbox 1494 5686 1514 5744; x_wconf 70' lang='grc' dir='ltr'>ς.</span> <span class='ocrx_word' id='word_1_408' title='bbox 1529 5679 1572 5734; x_wconf 82' lang='grc'>18.</span> 
     </span>
    </p>
   </div>
   <div class='ocr_carea' id='block_1_11' title="bbox 585 5987 609 6020">
    <p class='ocr_par' dir='ltr' id='par_1_13' title="bbox 585 5987 609 6020">
     <span class='ocr_line' id='line_1_45' title="bbox 585 5987 609 6020; baseline 0 -14"><span class='ocrx_word' id='word_1_409' title='bbox 585 5987 609 6020; x_wconf 54' lang='grc' dir='ltr'><strong>φ</strong></span> 
     </span>
    </p>
   </div>
   <div class='ocr_carea' id='block_1_12' title="bbox 0 0 2232 6164">
    <p class='ocr_par' dir='ltr' id='par_1_14' title="bbox 0 0 2232 6164">
     <span class='ocr_line' id='line_1_46' title="bbox 0 0 2232 6164; baseline 0 0"><span class='ocrx_word' id='word_1_410' title='bbox 0 0 2232 6164; x_wconf 95' lang='lat' dir='ltr'> </span> 
     </span>
    </p>
   </div>
  </div>
 </body>
</html>
