<?xml version="1.0" encoding="UTF-8"?>
<!DOCTYPE html PUBLIC "-//W3C//DTD XHTML 1.0 Transitional//EN"
    "http://www.w3.org/TR/xhtml1/DTD/xhtml1-transitional.dtd">
<html xmlns="http://www.w3.org/1999/xhtml" xml:lang="en" lang="en">
 <head>
  <title>
</title>
<meta http-equiv="Content-Type" content="text/html;charset=utf-8" />
  <meta name='ocr-system' content='tesseract 3.04.00' />
  <meta name='ocr-capabilities' content='ocr_page ocr_carea ocr_par ocr_line ocrx_word'/>
</head>
<body>
  <div class='ocr_page' id='page_1' title='image "./samuelisstrykii05schogoog_0535.png"; bbox 0 0 4364 6194; ppageno 0'>
   <div class='ocr_carea' id='block_1_1' title="bbox 200 271 258 328">
    <p class='ocr_par' dir='ltr' id='par_1_1' title="bbox 200 271 258 328">
     <span class='ocr_line' id='line_1_1' title="bbox 200 271 258 328; baseline 0 0"><span class='ocrx_word' id='word_1_1' title='bbox 200 271 258 328; x_wconf 71' lang='grc'>183</span> 
     </span>
    </p>
   </div>
   <div class='ocr_carea' id='block_1_2' title="bbox 578 271 1398 334">
    <p class='ocr_par' dir='ltr' id='par_1_2' title="bbox 578 271 1398 334">
     <span class='ocr_line' id='line_1_2' title="bbox 578 271 1398 334; baseline 0 -4"><span class='ocrx_word' id='word_1_2' title='bbox 578 275 627 330; x_wconf 72' lang='lat' dir='ltr'>DE</span> <span class='ocrx_word' id='word_1_3' title='bbox 645 271 791 332; x_wconf 72' lang='lat' dir='ltr'>curseto</span> <span class='ocrx_word' id='word_1_4' title='bbox 807 273 990 333; x_wconf 76' lang='lat' dir='ltr'>stttttcwts</span> <span class='ocrx_word' id='word_1_5' title='bbox 1006 275 1113 334; x_wconf 80' lang='lat' dir='ltr'>Cllle</span> <span class='ocrx_word' id='word_1_6' title='bbox 1132 273 1318 334; x_wconf 77' lang='lat' dir='ltr'>scsttnttt</span> <span class='ocrx_word' id='word_1_7' title='bbox 1336 290 1398 334; x_wconf 65' lang='grc' dir='ltr'>ιτα.</span> 
     </span>
    </p>
   </div>
   <div class='ocr_carea' id='block_1_3' title="bbox 1718 272 1772 330">
    <p class='ocr_par' dir='ltr' id='par_1_3' title="bbox 1718 272 1772 330">
     <span class='ocr_line' id='line_1_3' title="bbox 1718 272 1772 330; baseline -0.019 0"><span class='ocrx_word' id='word_1_8' title='bbox 1718 272 1772 330; x_wconf 71' lang='lat' dir='ltr'>stt</span> 
     </span>
    </p>
   </div>
   <div class='ocr_carea' id='block_1_4' title="bbox 146 368 1832 614">
    <p class='ocr_par' dir='ltr' id='par_1_4' title="bbox 146 368 1832 614">
     <span class='ocr_line' id='line_1_4' title="bbox 146 368 1829 448; baseline 0.003 -24"><span class='ocrx_word' id='word_1_9' title='bbox 146 389 161 416; x_wconf 78' lang='lat' dir='ltr'>s</span> <span class='ocrx_word' id='word_1_10' title='bbox 183 370 228 424; x_wconf 87' lang='lat' dir='ltr'>aad</span> <span class='ocrx_word' id='word_1_11' title='bbox 248 369 377 424; x_wconf 86' lang='lat' dir='ltr'>sinenlta</span> <span class='ocrx_word' id='word_1_12' title='bbox 401 369 572 429; x_wconf 82' lang='lat' dir='ltr'>dubitetioue</span> <span class='ocrx_word' id='word_1_13' title='bbox 598 376 723 442; x_wconf 89' lang='lat' dir='ltr'>statuite,</span> <span class='ocrx_word' id='word_1_14' title='bbox 754 375 881 441; x_wconf 79' lang='lat' dir='ltr'>iudicium</span> <span class='ocrx_word' id='word_1_15' title='bbox 905 391 962 430; x_wconf 89' lang='lat' dir='ltr'>esse</span> <span class='ocrx_word' id='word_1_16' title='bbox 1011 370 1310 448; x_wconf 60' lang='lat' dir='ltr'>promuntunum.</span> <span class='ocrx_word' id='word_1_17' title='bbox 1330 368 1829 439; x_wconf 71' lang='lat' dir='ltr'>sur.tuteruossionaunesu</span> 
     </span>
     <span class='ocr_line' id='line_1_5' title="bbox 147 454 1830 529; baseline 0.002 -21"><span class='ocrx_word' id='word_1_18' title='bbox 147 476 162 500; x_wconf 70' lang='lat' dir='ltr'>s</span> <span class='ocrx_word' id='word_1_19' title='bbox 181 471 240 508; x_wconf 85' lang='lat' dir='ltr'>scm</span> <span class='ocrx_word' id='word_1_20' title='bbox 270 454 405 523; x_wconf 76' lang='lat' dir='ltr'>divinem,</span> <span class='ocrx_word' id='word_1_21' title='bbox 437 459 496 526; x_wconf 86' lang='lat' dir='ltr'>quia</span> <span class='ocrx_word' id='word_1_22' title='bbox 513 458 642 527; x_wconf 81' lang='lat' dir='ltr'>judicium</span> <span class='ocrx_word' id='word_1_23' title='bbox 661 467 702 513; x_wconf 88' lang='lat' dir='ltr'>cst</span> <span class='ocrx_word' id='word_1_24' title='bbox 730 460 829 522; x_wconf 88' lang='lat' dir='ltr'>bonos,</span> <span class='ocrx_word' id='word_1_25' title='bbox 859 457 962 511; x_wconf 86' lang='lat' dir='ltr'>nemini</span> <span class='ocrx_word' id='word_1_26' title='bbox 1012 461 1115 514; x_wconf 85' lang='lat' dir='ltr'>actione</span> <span class='ocrx_word' id='word_1_27' title='bbox 1133 461 1303 514; x_wconf 86' lang='lat' dir='ltr'>recautstoris</span> <span class='ocrx_word' id='word_1_28' title='bbox 1322 459 1392 512; x_wconf 87' lang='lat' dir='ltr'>s.ad</span> <span class='ocrx_word' id='word_1_29' title='bbox 1412 457 1572 526; x_wconf 70' lang='lat' dir='ltr'>palinodiam</span> <span class='ocrx_word' id='word_1_30' title='bbox 1592 458 1703 528; x_wconf 68' lang='lat' dir='ltr'>theologi</span> <span class='ocrx_word' id='word_1_31' title='bbox 1729 461 1830 529; x_wconf 75' lang='lat' dir='ltr'>puriter</span> 
     </span>
     <span class='ocr_line' id='line_1_6' title="bbox 147 539 1832 614; baseline 0.005 -26"><span class='ocrx_word' id='word_1_32' title='bbox 147 558 162 584; x_wconf 80' lang='lat' dir='ltr'>a</span> <span class='ocrx_word' id='word_1_33' title='bbox 182 549 344 606; x_wconf 79' lang='lat' dir='ltr'>competens.</span> <span class='ocrx_word' id='word_1_34' title='bbox 365 540 418 592; x_wconf 90' lang='lat' dir='ltr'>nisi</span> <span class='ocrx_word' id='word_1_35' title='bbox 438 542 509 607; x_wconf 84' lang='lat' dir='ltr'>lieo,</span> <span class='ocrx_word' id='word_1_36' title='bbox 527 551 554 596; x_wconf 92' lang='lat' dir='ltr'>et</span> <span class='ocrx_word' id='word_1_37' title='bbox 572 543 621 606; x_wconf 80' lang='lat' dir='ltr'>iis.</span> <span class='ocrx_word' id='word_1_38' title='bbox 639 559 750 612; x_wconf 85' lang='lat' dir='ltr'>quorum</span> <span class='ocrx_word' id='word_1_39' title='bbox 772 552 883 611; x_wconf 86' lang='lat' dir='ltr'>potestas</span> <span class='ocrx_word' id='word_1_40' title='bbox 903 558 962 611; x_wconf 91' lang='lat' dir='ltr'>pro·</span> <span class='ocrx_word' id='word_1_41' title='bbox 1012 560 1042 598; x_wconf 90' lang='lat' dir='ltr'>ac</span> <span class='ocrx_word' id='word_1_42' title='bbox 1060 543 1232 610; x_wconf 77' lang='lat' dir='ltr'>jureconsulti</span> <span class='ocrx_word' id='word_1_43' title='bbox 1249 559 1323 596; x_wconf 88' lang='lat' dir='ltr'>serus</span> <span class='ocrx_word' id='word_1_44' title='bbox 1340 543 1441 596; x_wconf 87' lang='lat' dir='ltr'>sentire</span> <span class='ocrx_word' id='word_1_45' title='bbox 1465 557 1518 594; x_wconf 90' lang='lat' dir='ltr'>non</span> <span class='ocrx_word' id='word_1_46' title='bbox 1548 539 1709 596; x_wconf 68' lang='lat' dir='ltr'>dubitarunt.</span> <span class='ocrx_word' id='word_1_47' title='bbox 1740 544 1832 614; x_wconf 83' lang='lat' dir='ltr'>Quum</span> 
     </span>
    </p>
   </div>
   <div class='ocr_carea' id='block_1_5' title="bbox 93 621 966 1860">
    <p class='ocr_par' dir='ltr' id='par_1_5' title="bbox 93 621 966 1860">
     <span class='ocr_line' id='line_1_7' title="bbox 147 621 962 694; baseline 0.002 -22"><span class='ocrx_word' id='word_1_48' title='bbox 147 639 162 666; x_wconf 78' lang='grc' dir='ltr'>ι</span> <span class='ocrx_word' id='word_1_49' title='bbox 182 621 254 673; x_wconf 79' lang='lat' dir='ltr'>sime</span> <span class='ocrx_word' id='word_1_50' title='bbox 271 621 303 674; x_wconf 88' lang='lat' dir='ltr'>sd</span> <span class='ocrx_word' id='word_1_51' title='bbox 323 621 379 676; x_wconf 76' lang='lat' dir='ltr'>Dei</span> <span class='ocrx_word' id='word_1_52' title='bbox 394 623 551 680; x_wconf 63' lang='lat' dir='ltr'>innotatis</span> <span class='ocrx_word' id='word_1_53' title='bbox 570 642 666 678; x_wconf 88' lang='lat' dir='ltr'>numen</span> <span class='ocrx_word' id='word_1_54' title='bbox 686 625 795 679; x_wconf 88' lang='lat' dir='ltr'>accedit.</span> <span class='ocrx_word' id='word_1_55' title='bbox 814 625 901 692; x_wconf 74' lang='lat' dir='ltr'>liujus</span> <span class='ocrx_word' id='word_1_56' title='bbox 915 625 962 694; x_wconf 73' lang='lat' dir='ltr'>iqi-</span> 
     </span>
     <span class='ocr_line' id='line_1_8' title="bbox 146 705 961 780; baseline 0.01 -26"><span class='ocrx_word' id='word_1_57' title='bbox 146 725 161 750; x_wconf 78' lang='grc' dir='ltr'><strong>α</strong></span> <span class='ocrx_word' id='word_1_58' title='bbox 182 715 224 758; x_wconf 90' lang='lat' dir='ltr'>tur</span> <span class='ocrx_word' id='word_1_59' title='bbox 242 705 353 759; x_wconf 87' lang='lat' dir='ltr'>sicerios</span> <span class='ocrx_word' id='word_1_60' title='bbox 371 725 419 762; x_wconf 89' lang='lat' dir='ltr'>roa</span> <span class='ocrx_word' id='word_1_61' title='bbox 437 725 495 763; x_wconf 88' lang='lat' dir='ltr'>esse</span> <span class='ocrx_word' id='word_1_62' title='bbox 512 711 817 780; x_wconf 82' lang='lat' dir='ltr'>memineritis,qrsoties</span> <span class='ocrx_word' id='word_1_63' title='bbox 834 710 961 778; x_wconf 83' lang='lat' dir='ltr'>judicium</span> 
     </span>
     <span class='ocr_line' id='line_1_9' title="bbox 147 789 961 862; baseline 0.009 -22"><span class='ocrx_word' id='word_1_64' title='bbox 147 806 161 832; x_wconf 80' lang='lat' dir='ltr'>s</span> <span class='ocrx_word' id='word_1_65' title='bbox 181 789 327 854; x_wconf 80' lang='lat' dir='ltr'>recreetis,</span> <span class='ocrx_word' id='word_1_66' title='bbox 346 799 374 842; x_wconf 90' lang='lat' dir='ltr'>et</span> <span class='ocrx_word' id='word_1_67' title='bbox 391 807 497 862; x_wconf 86' lang='lat' dir='ltr'>semper</span> <span class='ocrx_word' id='word_1_68' title='bbox 515 795 549 848; x_wconf 90' lang='lat' dir='ltr'>ita</span> <span class='ocrx_word' id='word_1_69' title='bbox 569 794 681 858; x_wconf 81' lang='lat' dir='ltr'>elsatia,</span> <span class='ocrx_word' id='word_1_70' title='bbox 698 806 728 848; x_wconf 98' lang='grc' dir='ltr'>ιιι</span> <span class='ocrx_word' id='word_1_71' title='bbox 746 794 872 847; x_wconf 87' lang='lat' dir='ltr'>rationem</span> <span class='ocrx_word' id='word_1_72' title='bbox 901 794 961 847; x_wconf 89' lang='lat' dir='ltr'>red·</span> 
     </span>
     <span class='ocr_line' id='line_1_10' title="bbox 147 871 962 946; baseline 0.015 -28"><span class='ocrx_word' id='word_1_73' title='bbox 147 890 161 918; x_wconf 87' lang='lat' dir='ltr'>a</span> <span class='ocrx_word' id='word_1_74' title='bbox 181 871 296 924; x_wconf 66' lang='lat' dir='ltr'>siendum</span> <span class='ocrx_word' id='word_1_75' title='bbox 311 889 369 926; x_wconf 76' lang='lat' dir='ltr'>esec</span> <span class='ocrx_word' id='word_1_76' title='bbox 385 891 438 929; x_wconf 82' lang='lat' dir='ltr'>nott</span> <span class='ocrx_word' id='word_1_77' title='bbox 457 875 628 941; x_wconf 82' lang='lat' dir='ltr'>hominibus,</span> <span class='ocrx_word' id='word_1_78' title='bbox 648 876 694 932; x_wconf 77' lang='lat' dir='ltr'>scd</span> <span class='ocrx_word' id='word_1_79' title='bbox 714 877 770 928; x_wconf 74' lang='lat' dir='ltr'>lieo</span> <span class='ocrx_word' id='word_1_80' title='bbox 795 893 919 946; x_wconf 78' lang='lat' dir='ltr'>supremo</span> <span class='ocrx_word' id='word_1_81' title='bbox 935 887 962 930; x_wconf 85' lang='lat' dir='ltr'>ct</span> 
     </span>
     <span class='ocr_line' id='line_1_11' title="bbox 148 955 962 1029; baseline 0.012 -27"><span class='ocrx_word' id='word_1_82' title='bbox 148 972 161 998; x_wconf 86' lang='grc' dir='ltr'>ι</span> <span class='ocrx_word' id='word_1_83' title='bbox 183 955 328 1020; x_wconf 83' lang='lat' dir='ltr'>justissimo</span> <span class='ocrx_word' id='word_1_84' title='bbox 346 955 444 1022; x_wconf 87' lang='lat' dir='ltr'>judici,</span> <span class='ocrx_word' id='word_1_85' title='bbox 461 959 632 1013; x_wconf 74' lang='lat' dir='ltr'>existimetis.</span> <span class='ocrx_word' id='word_1_86' title='bbox 647 960 679 1012; x_wconf 82' lang='lat' dir='ltr'>tn</span> <span class='ocrx_word' id='word_1_87' title='bbox 691 959 815 1029; x_wconf 85' lang='lat' dir='ltr'>quonism</span> <span class='ocrx_word' id='word_1_88' title='bbox 831 960 962 1014; x_wconf 84' lang='lat' dir='ltr'>Dominus</span> 
     </span>
     <span class='ocr_line' id='line_1_12' title="bbox 145 1037 964 1112; baseline 0.009 -24"><span class='ocrx_word' id='word_1_89' title='bbox 145 1055 160 1082; x_wconf 76' lang='grc' dir='ltr'>ι</span> <span class='ocrx_word' id='word_1_90' title='bbox 179 1037 290 1104; x_wconf 83' lang='lat' dir='ltr'>judiciis</span> <span class='ocrx_word' id='word_1_91' title='bbox 307 1039 401 1092; x_wconf 85' lang='lat' dir='ltr'>reatris</span> <span class='ocrx_word' id='word_1_92' title='bbox 421 1057 474 1094; x_wconf 90' lang='lat' dir='ltr'>non</span> <span class='ocrx_word' id='word_1_93' title='bbox 494 1043 576 1096; x_wconf 87' lang='lat' dir='ltr'>solum</span> <span class='ocrx_word' id='word_1_94' title='bbox 595 1043 721 1107; x_wconf 84' lang='lat' dir='ltr'>intereat,</span> <span class='ocrx_word' id='word_1_95' title='bbox 734 1042 777 1095; x_wconf 92' lang='lat' dir='ltr'>sed</span> <span class='ocrx_word' id='word_1_96' title='bbox 792 1043 873 1094; x_wconf 87' lang='lat' dir='ltr'>etiam</span> <span class='ocrx_word' id='word_1_97' title='bbox 892 1059 964 1112; x_wconf 84' lang='lat' dir='ltr'>prae·</span> 
     </span>
     <span class='ocr_line' id='line_1_13' title="bbox 93 1113 962 1196; baseline 0.006 -25"><span class='ocrx_word' id='word_1_98' title='bbox 93 1113 97 1122; x_wconf 82' lang='grc'><strong>’</strong></span> <span class='ocrx_word' id='word_1_99' title='bbox 145 1141 159 1166; x_wconf 81' lang='grc' dir='ltr'>ι</span> <span class='ocrx_word' id='word_1_100' title='bbox 178 1130 235 1183; x_wconf 85' lang='lat' dir='ltr'>est,</span> <span class='ocrx_word' id='word_1_101' title='bbox 255 1119 317 1175; x_wconf 81' lang='lat' dir='ltr'>lrctl</span> <span class='ocrx_word' id='word_1_102' title='bbox 337 1122 426 1191; x_wconf 81' lang='lat' dir='ltr'>ipsine</span> <span class='ocrx_word' id='word_1_103' title='bbox 442 1127 592 1196; x_wconf 85' lang='lat' dir='ltr'>praeseutia</span> <span class='ocrx_word' id='word_1_104' title='bbox 610 1135 637 1178; x_wconf 92' lang='lat' dir='ltr'>ot</span> <span class='ocrx_word' id='word_1_105' title='bbox 655 1124 803 1196; x_wconf 85' lang='lat' dir='ltr'>patrocinio</span> <span class='ocrx_word' id='word_1_106' title='bbox 822 1125 908 1178; x_wconf 89' lang='lat' dir='ltr'>nullos</span> <span class='ocrx_word' id='word_1_107' title='bbox 920 1123 962 1176; x_wconf 88' lang='lat' dir='ltr'>sd·</span> 
     </span>
     <span class='ocr_line' id='line_1_14' title="bbox 144 1205 963 1274; baseline 0.009 -21"><span class='ocrx_word' id='word_1_108' title='bbox 144 1220 157 1247; x_wconf 80' lang='lat' dir='ltr'>s</span> <span class='ocrx_word' id='word_1_109' title='bbox 178 1205 322 1267; x_wconf 75' lang='lat' dir='ltr'>vessarim,</span> <span class='ocrx_word' id='word_1_110' title='bbox 340 1205 386 1274; x_wconf 90' lang='lat' dir='ltr'>qui</span> <span class='ocrx_word' id='word_1_111' title='bbox 406 1206 489 1272; x_wconf 81' lang='lat' dir='ltr'>iustas</span> <span class='ocrx_word' id='word_1_112' title='bbox 507 1207 657 1260; x_wconf 89' lang='lat' dir='ltr'>sententias</span> <span class='ocrx_word' id='word_1_113' title='bbox 674 1209 698 1258; x_wconf 89' lang='lat' dir='ltr'>ri</span> <span class='ocrx_word' id='word_1_114' title='bbox 718 1209 758 1262; x_wconf 87' lang='lat' dir='ltr'>sel</span> <span class='ocrx_word' id='word_1_115' title='bbox 784 1205 878 1261; x_wconf 83' lang='lat' dir='ltr'>lrsude</span> <span class='ocrx_word' id='word_1_116' title='bbox 908 1209 963 1261; x_wconf 86' lang='lat' dir='ltr'>elu-</span> 
     </span>
     <span class='ocr_line' id='line_1_15' title="bbox 145 1277 961 1352; baseline 0.013 -20"><span class='ocrx_word' id='word_1_117' title='bbox 145 1305 161 1332; x_wconf 80' lang='grc' dir='ltr'>ι</span> <span class='ocrx_word' id='word_1_118' title='bbox 179 1285 244 1338; x_wconf 90' lang='lat' dir='ltr'>dere</span> <span class='ocrx_word' id='word_1_119' title='bbox 261 1301 404 1350; x_wconf 78' lang='lat' dir='ltr'>rossontus,</span> <span class='ocrx_word' id='word_1_120' title='bbox 422 1291 549 1352; x_wconf 85' lang='lat' dir='ltr'>metuite,</span> <span class='ocrx_word' id='word_1_121' title='bbox 566 1277 596 1342; x_wconf 51' lang='lat' dir='ltr'>¹et</span> <span class='ocrx_word' id='word_1_122' title='bbox 614 1289 646 1340; x_wconf 89' lang='lat' dir='ltr'>ab</span> <span class='ocrx_word' id='word_1_123' title='bbox 664 1292 714 1342; x_wconf 87' lang='lat' dir='ltr'>boc</span> <span class='ocrx_word' id='word_1_124' title='bbox 731 1291 859 1344; x_wconf 69' lang='lat' dir='ltr'>auxilium</span> <span class='ocrx_word' id='word_1_125' title='bbox 879 1301 906 1344; x_wconf 91' lang='lat' dir='ltr'>et</span> <span class='ocrx_word' id='word_1_126' title='bbox 919 1290 961 1343; x_wconf 88' lang='lat' dir='ltr'>de·</span> 
     </span>
     <span class='ocr_line' id='line_1_16' title="bbox 147 1366 962 1444; baseline 0.015 -28"><span class='ocrx_word' id='word_1_127' title='bbox 147 1390 160 1416; x_wconf 77' lang='grc' dir='ltr'>ι</span> <span class='ocrx_word' id='word_1_128' title='bbox 179 1366 328 1423; x_wconf 76' lang='lat' dir='ltr'>sensionem</span> <span class='ocrx_word' id='word_1_129' title='bbox 346 1380 483 1442; x_wconf 67' lang='lat' dir='ltr'>expectate</span> <span class='ocrx_word' id='word_1_130' title='bbox 498 1382 552 1425; x_wconf 83' lang='lat' dir='ltr'>etc..</span> <span class='ocrx_word' id='word_1_131' title='bbox 566 1373 641 1425; x_wconf 82' lang='lat' dir='ltr'>Talia</span> <span class='ocrx_word' id='word_1_132' title='bbox 659 1389 718 1424; x_wconf 89' lang='lat' dir='ltr'>cnm</span> <span class='ocrx_word' id='word_1_133' title='bbox 738 1375 790 1426; x_wconf 90' lang='lat' dir='ltr'>sint</span> <span class='ocrx_word' id='word_1_134' title='bbox 807 1375 904 1444; x_wconf 78' lang='lat' dir='ltr'>judicia</span> <span class='ocrx_word' id='word_1_135' title='bbox 935 1385 962 1428; x_wconf 89' lang='lat' dir='ltr'>et</span> 
     </span>
     <span class='ocr_line' id='line_1_17' title="bbox 144 1453 961 1526; baseline 0.011 -23"><span class='ocrx_word' id='word_1_136' title='bbox 144 1471 157 1498; x_wconf 80' lang='grc' dir='ltr'>ι</span> <span class='ocrx_word' id='word_1_137' title='bbox 177 1455 284 1522; x_wconf 68' lang='lat' dir='ltr'>speciali</span> <span class='ocrx_word' id='word_1_138' title='bbox 303 1453 393 1522; x_wconf 83' lang='lat' dir='ltr'>sliquo</span> <span class='ocrx_word' id='word_1_139' title='bbox 413 1454 490 1508; x_wconf 85' lang='lat' dir='ltr'>mado</span> <span class='ocrx_word' id='word_1_140' title='bbox 511 1457 595 1508; x_wconf 77' lang='lat' dir='ltr'>licum</span> <span class='ocrx_word' id='word_1_141' title='bbox 629 1465 796 1526; x_wconf 73' lang='lat' dir='ltr'>praesentem</span> <span class='ocrx_word' id='word_1_142' title='bbox 827 1459 961 1522; x_wconf 77' lang='lat' dir='ltr'>iubeant,</span> 
     </span>
     <span class='ocr_line' id='line_1_18' title="bbox 142 1537 960 1608; baseline 0.004 -19"><span class='ocrx_word' id='word_1_143' title='bbox 142 1557 157 1584; x_wconf 78' lang='lat' dir='ltr'>s</span> <span class='ocrx_word' id='word_1_144' title='bbox 177 1537 300 1591; x_wconf 84' lang='lat' dir='ltr'>secordes</span> <span class='ocrx_word' id='word_1_145' title='bbox 320 1539 398 1607; x_wconf 87' lang='lat' dir='ltr'>piane</span> <span class='ocrx_word' id='word_1_146' title='bbox 416 1549 521 1608; x_wconf 90' lang='lat' dir='ltr'>opartet</span> <span class='ocrx_word' id='word_1_147' title='bbox 539 1555 596 1592; x_wconf 90' lang='lat' dir='ltr'>essa</span> <span class='ocrx_word' id='word_1_148' title='bbox 615 1539 690 1604; x_wconf 82' lang='lat' dir='ltr'>litos,</span> <span class='ocrx_word' id='word_1_149' title='bbox 707 1543 753 1608; x_wconf 89' lang='lat' dir='ltr'>qui</span> <span class='ocrx_word' id='word_1_150' title='bbox 772 1541 844 1592; x_wconf 70' lang='lat' dir='ltr'>nisilu</span> <span class='ocrx_word' id='word_1_151' title='bbox 875 1545 960 1594; x_wconf 87' lang='lat' dir='ltr'>numi·</span> 
     </span>
     <span class='ocr_line' id='line_1_19' title="bbox 144 1621 961 1692; baseline 0.004 -20"><span class='ocrx_word' id='word_1_152' title='bbox 144 1639 159 1666; x_wconf 76' lang='grc' dir='ltr'>ιι</span> <span class='ocrx_word' id='word_1_153' title='bbox 180 1621 223 1672; x_wconf 86' lang='lat' dir='ltr'>nis</span> <span class='ocrx_word' id='word_1_154' title='bbox 242 1622 426 1690; x_wconf 67' lang='lat' dir='ltr'>metolisdiais</span> <span class='ocrx_word' id='word_1_155' title='bbox 445 1633 533 1690; x_wconf 86' lang='lat' dir='ltr'>partes</span> <span class='ocrx_word' id='word_1_156' title='bbox 552 1633 684 1677; x_wconf 76' lang='lat' dir='ltr'>exercent.</span> <span class='ocrx_word' id='word_1_157' title='bbox 705 1624 802 1676; x_wconf 82' lang='lat' dir='ltr'>Subest</span> <span class='ocrx_word' id='word_1_158' title='bbox 819 1624 897 1691; x_wconf 88' lang='lat' dir='ltr'>ipse,</span> <span class='ocrx_word' id='word_1_159' title='bbox 914 1625 961 1692; x_wconf 91' lang='lat' dir='ltr'>qui</span> 
     </span>
     <span class='ocr_line' id='line_1_20' title="bbox 143 1703 966 1776; baseline 0.007 -26"><span class='ocrx_word' id='word_1_160' title='bbox 143 1725 157 1750; x_wconf 75' lang='grc' dir='ltr'>ι</span> <span class='ocrx_word' id='word_1_161' title='bbox 176 1703 292 1772; x_wconf 79' lang='lat' dir='ltr'>judicor,</span> <span class='ocrx_word' id='word_1_162' title='bbox 310 1716 338 1760; x_wconf 89' lang='lat' dir='ltr'>et</span> <span class='ocrx_word' id='word_1_163' title='bbox 355 1721 386 1758; x_wconf 88' lang='lat' dir='ltr'>eo</span> <span class='ocrx_word' id='word_1_164' title='bbox 406 1714 562 1770; x_wconf 83' lang='lat' dir='ltr'>momento,</span> <span class='ocrx_word' id='word_1_165' title='bbox 584 1723 636 1776; x_wconf 88' lang='lat' dir='ltr'>quo</span> <span class='ocrx_word' id='word_1_166' title='bbox 654 1705 767 1774; x_wconf 86' lang='lat' dir='ltr'>judicat,</span> <span class='ocrx_word' id='word_1_167' title='bbox 797 1705 896 1772; x_wconf 83' lang='lat' dir='ltr'>judicio</span> <span class='ocrx_word' id='word_1_168' title='bbox 925 1709 966 1756; x_wconf 76' lang='lat' dir='ltr'>eti-</span> 
     </span>
     <span class='ocr_line' id='line_1_21' title="bbox 140 1786 963 1860; baseline 0 -20"><span class='ocrx_word' id='word_1_169' title='bbox 140 1809 160 1860; x_wconf 61' lang='lat' dir='ltr'>⁴u</span> <span class='ocrx_word' id='word_1_170' title='bbox 180 1787 258 1854; x_wconf 85' lang='lat' dir='ltr'>sisso,</span> <span class='ocrx_word' id='word_1_171' title='bbox 278 1800 499 1858; x_wconf 68' lang='lat' dir='ltr'>praesentemque</span> <span class='ocrx_word' id='word_1_172' title='bbox 517 1789 597 1842; x_wconf 83' lang='lat' dir='ltr'>bebet</span> <span class='ocrx_word' id='word_1_173' title='bbox 616 1789 718 1852; x_wconf 88' lang='lat' dir='ltr'>Deum,</span> <span class='ocrx_word' id='word_1_174' title='bbox 734 1787 797 1856; x_wconf 91' lang='lat' dir='ltr'>qui,</span> <span class='ocrx_word' id='word_1_175' title='bbox 821 1786 890 1857; x_wconf 89' lang='lat' dir='ltr'>quod</span> <span class='ocrx_word' id='word_1_176' title='bbox 908 1791 963 1857; x_wconf 68' lang='lat' dir='ltr'>api-</span> 
     </span>
    </p>
   </div>
   <div class='ocr_carea' id='block_1_6' title="bbox 34 1845 961 1936">
    <p class='ocr_par' dir='ltr' id='par_1_6' title="bbox 34 1845 961 1936">
     <span class='ocr_line' id='line_1_22' title="bbox 34 1845 961 1936; baseline 0 -14"><span class='ocrx_word' id='word_1_177' title='bbox 34 1845 37 1911; x_wconf 45' lang='lat'>:</span> <span class='ocrx_word' id='word_1_178' title='bbox 143 1891 159 1922; x_wconf 87' lang='grc' dir='ltr'>ι</span> <span class='ocrx_word' id='word_1_179' title='bbox 181 1882 239 1934; x_wconf 87' lang='lat' dir='ltr'>tur,</span> <span class='ocrx_word' id='word_1_180' title='bbox 259 1889 312 1924; x_wconf 89' lang='lat' dir='ltr'>uon</span> <span class='ocrx_word' id='word_1_181' title='bbox 330 1873 407 1925; x_wconf 86' lang='lat' dir='ltr'>audit</span> <span class='ocrx_word' id='word_1_182' title='bbox 425 1881 525 1926; x_wconf 89' lang='lat' dir='ltr'>tantum</span> <span class='ocrx_word' id='word_1_183' title='bbox 544 1883 572 1923; x_wconf 90' lang='lat' dir='ltr'>et</span> <span class='ocrx_word' id='word_1_184' title='bbox 591 1869 679 1933; x_wconf 84' lang='lat' dir='ltr'>ridet,</span> <span class='ocrx_word' id='word_1_185' title='bbox 698 1869 790 1927; x_wconf 80' lang='lat' dir='ltr'>sedes</span> <span class='ocrx_word' id='word_1_186' title='bbox 803 1869 869 1936; x_wconf 87' lang='lat' dir='ltr'>ipsis</span> <span class='ocrx_word' id='word_1_187' title='bbox 881 1869 961 1922; x_wconf 90' lang='lat' dir='ltr'>etiam</span> 
     </span>
    </p>
   </div>
   <div class='ocr_carea' id='block_1_7' title="bbox 142 1949 965 2362">
    <p class='ocr_par' dir='ltr' id='par_1_7' title="bbox 142 1949 965 2362">
     <span class='ocr_line' id='line_1_23' title="bbox 143 1949 961 2022; baseline -0.001 -20"><span class='ocrx_word' id='word_1_188' title='bbox 143 1976 157 2002; x_wconf 71' lang='grc' dir='ltr'>ι</span> <span class='ocrx_word' id='word_1_189' title='bbox 177 1953 383 2022; x_wconf 63' lang='lat' dir='ltr'>cogitationibus</span> <span class='ocrx_word' id='word_1_190' title='bbox 401 1961 430 2020; x_wconf 78' lang='lat' dir='ltr'>et</span> <span class='ocrx_word' id='word_1_191' title='bbox 447 1953 544 2006; x_wconf 88' lang='lat' dir='ltr'>mentis</span> <span class='ocrx_word' id='word_1_192' title='bbox 563 1950 736 2022; x_wconf 79' lang='lat' dir='ltr'>conceptibus</span> <span class='ocrx_word' id='word_1_193' title='bbox 748 1949 961 2003; x_wconf 72' lang='grc' dir='ltr'>ιιιιιιὶιιιι..1)ιι1Ι</span> 
     </span>
     <span class='ocr_line' id='line_1_24' title="bbox 145 2033 965 2107; baseline -0.005 -22"><span class='ocrx_word' id='word_1_194' title='bbox 145 2059 160 2085; x_wconf 82' lang='grc' dir='ltr'>ι</span> <span class='ocrx_word' id='word_1_195' title='bbox 179 2041 244 2090; x_wconf 85' lang='lat' dir='ltr'>cisse</span> <span class='ocrx_word' id='word_1_196' title='bbox 260 2039 343 2107; x_wconf 73' lang='lat' dir='ltr'>glossa</span> <span class='ocrx_word' id='word_1_197' title='bbox 361 2036 510 2106; x_wconf 71' lang='lat' dir='ltr'>germanica</span> <span class='ocrx_word' id='word_1_198' title='bbox 539 2035 574 2089; x_wconf 87' lang='lat' dir='ltr'>ad</span> <span class='ocrx_word' id='word_1_199' title='bbox 593 2033 695 2088; x_wconf 77' lang='lat' dir='ltr'>Lsudr.</span> <span class='ocrx_word' id='word_1_200' title='bbox 732 2036 749 2087; x_wconf 90' lang='lat' dir='ltr'>l.</span> <span class='ocrx_word' id='word_1_201' title='bbox 764 2037 791 2086; x_wconf 77' lang='lat' dir='ltr'>b.</span> <span class='ocrx_word' id='word_1_202' title='bbox 810 2043 859 2086; x_wconf 86' lang='lat' dir='ltr'>ert.</span> <span class='ocrx_word' id='word_1_203' title='bbox 883 2034 927 2085; x_wconf 83' lang='grc'>30.</span> <span class='ocrx_word' id='word_1_204' title='bbox 945 2055 965 2081; x_wconf 73' lang='lat' dir='ltr'>s</span> 
     </span>
     <span class='ocr_line' id='line_1_25' title="bbox 143 2114 962 2184; baseline -0.01 -8"><span class='ocrx_word' id='word_1_205' title='bbox 143 2122 292 2176; x_wconf 73' lang='lat' dir='ltr'>ffierlrr&#39;sre</span> <span class='ocrx_word' id='word_1_206' title='bbox 304 2139 353 2184; x_wconf 82' lang='lat' dir='ltr'>su,</span> <span class='ocrx_word' id='word_1_207' title='bbox 370 2121 420 2174; x_wconf 81' lang='lat' dir='ltr'>der</span> <span class='ocrx_word' id='word_1_208' title='bbox 437 2119 474 2174; x_wconf 75' lang='lat' dir='ltr'>das</span> <span class='ocrx_word' id='word_1_209' title='bbox 493 2122 541 2174; x_wconf 83' lang='lat' dir='ltr'>eris</span> <span class='ocrx_word' id='word_1_210' title='bbox 558 2118 671 2172; x_wconf 81' lang='lat' dir='ltr'>Iliclsrer</span> <span class='ocrx_word' id='word_1_211' title='bbox 686 2116 753 2180; x_wconf 81' lang='lat' dir='ltr'>bist,</span> <span class='ocrx_word' id='word_1_212' title='bbox 773 2114 831 2170; x_wconf 84' lang='lat' dir='ltr'>und</span> <span class='ocrx_word' id='word_1_213' title='bbox 846 2115 917 2168; x_wconf 82' lang='lat' dir='ltr'>sielre</span> <span class='ocrx_word' id='word_1_214' title='bbox 930 2135 962 2168; x_wconf 84' lang='lat' dir='ltr'>su</span> 
     </span>
     <span class='ocr_line' id='line_1_26' title="bbox 142 2191 963 2279; baseline -0.009 -21"><span class='ocrx_word' id='word_1_215' title='bbox 142 2207 205 2258; x_wconf 82' lang='lat' dir='ltr'>dors</span> <span class='ocrx_word' id='word_1_216' title='bbox 223 2205 259 2260; x_wconf 80' lang='lat' dir='ltr'>du</span> <span class='ocrx_word' id='word_1_217' title='bbox 281 2205 327 2258; x_wconf 84' lang='lat' dir='ltr'>ein</span> <span class='ocrx_word' id='word_1_218' title='bbox 344 2205 463 2279; x_wconf 71' lang='lat' dir='ltr'>pleiclser</span> <span class='ocrx_word' id='word_1_219' title='bbox 481 2204 539 2258; x_wconf 86' lang='lat' dir='ltr'>und</span> <span class='ocrx_word' id='word_1_220' title='bbox 557 2202 663 2257; x_wconf 82' lang='lat' dir='ltr'>recluer</span> <span class='ocrx_word' id='word_1_221' title='bbox 679 2191 794 2255; x_wconf 67' lang='lat' dir='ltr'>steten*</span> <span class='ocrx_word' id='word_1_222' title='bbox 805 2209 886 2269; x_wconf 81' lang='lat' dir='ltr'>seyst.</span> <span class='ocrx_word' id='word_1_223' title='bbox 904 2199 963 2252; x_wconf 79' lang='lat' dir='ltr'>und</span> 
     </span>
     <span class='ocr_line' id='line_1_27' title="bbox 142 2281 960 2362; baseline -0.006 -22"><span class='ocrx_word' id='word_1_224' title='bbox 142 2287 249 2362; x_wconf 66' lang='grc' dir='ltr'>Ιιιιιιιὶι</span> <span class='ocrx_word' id='word_1_225' title='bbox 268 2306 304 2342; x_wconf 86' lang='lat' dir='ltr'>urs</span> <span class='ocrx_word' id='word_1_226' title='bbox 322 2290 374 2344; x_wconf 81' lang='lat' dir='ltr'>der</span> <span class='ocrx_word' id='word_1_227' title='bbox 390 2299 496 2357; x_wconf 67' lang='lat' dir='ltr'>strange</span> <span class='ocrx_word' id='word_1_228' title='bbox 520 2285 646 2340; x_wconf 72' lang='lat' dir='ltr'>caristus</span> <span class='ocrx_word' id='word_1_229' title='bbox 664 2299 760 2337; x_wconf 84' lang='lat' dir='ltr'>unserr</span> <span class='ocrx_word' id='word_1_230' title='bbox 777 2284 870 2336; x_wconf 74' lang='lat' dir='ltr'>Herm</span> <span class='ocrx_word' id='word_1_231' title='bbox 892 2281 960 2335; x_wconf 76' lang='lat' dir='ltr'>Jeru</span> 
     </span>
    </p>
   </div>
   <div class='ocr_carea' id='block_1_8' title="bbox 37 2355 960 2435">
    <p class='ocr_par' dir='ltr' id='par_1_8' title="bbox 37 2355 960 2435">
     <span class='ocr_line' id='line_1_28' title="bbox 37 2355 960 2435; baseline -0.01 -8"><span class='ocrx_word' id='word_1_232' title='bbox 37 2355 40 2368; x_wconf 45' lang='grc' dir='ltr'>Ι</span> <span class='ocrx_word' id='word_1_233' title='bbox 146 2373 256 2426; x_wconf 72' lang='lat' dir='ltr'>claruet.</span> <span class='ocrx_word' id='word_1_234' title='bbox 276 2373 361 2426; x_wconf 79' lang='lat' dir='ltr'>Denso</span> <span class='ocrx_word' id='word_1_235' title='bbox 385 2373 449 2425; x_wconf 84' lang='lat' dir='ltr'>Gott</span> <span class='ocrx_word' id='word_1_236' title='bbox 468 2373 503 2424; x_wconf 85' lang='lat' dir='ltr'>r&#39;st</span> <span class='ocrx_word' id='word_1_237' title='bbox 519 2390 552 2425; x_wconf 82' lang='lat' dir='ltr'>su</span> <span class='ocrx_word' id='word_1_238' title='bbox 564 2369 727 2435; x_wconf 67' lang='lat' dir='ltr'>derselbr&#39;perr</span> <span class='ocrx_word' id='word_1_239' title='bbox 743 2367 803 2420; x_wconf 76' lang='lat' dir='ltr'>Zeis</span> <span class='ocrx_word' id='word_1_240' title='bbox 815 2367 871 2420; x_wconf 77' lang='lat' dir='ltr'>und</span> <span class='ocrx_word' id='word_1_241' title='bbox 882 2365 960 2418; x_wconf 77' lang='lat' dir='ltr'>Scurr-</span> 
     </span>
    </p>
   </div>
   <div class='ocr_carea' id='block_1_9' title="bbox 141 2449 964 2776">
    <p class='ocr_par' dir='ltr' id='par_1_9' title="bbox 141 2449 964 2776">
     <span class='ocr_line' id='line_1_29' title="bbox 142 2449 961 2520; baseline -0.015 -9"><span class='ocrx_word' id='word_1_242' title='bbox 142 2457 176 2511; x_wconf 78' lang='lat' dir='ltr'>de</span> <span class='ocrx_word' id='word_1_243' title='bbox 195 2459 264 2510; x_wconf 84' lang='lat' dir='ltr'>nucia</span> <span class='ocrx_word' id='word_1_244' title='bbox 280 2475 316 2510; x_wconf 87' lang='lat' dir='ltr'>urs</span> <span class='ocrx_word' id='word_1_245' title='bbox 334 2460 395 2511; x_wconf 79' lang='lat' dir='ltr'>deur</span> <span class='ocrx_word' id='word_1_246' title='bbox 417 2455 496 2520; x_wconf 84' lang='lat' dir='ltr'>Orte,</span> <span class='ocrx_word' id='word_1_247' title='bbox 516 2473 595 2510; x_wconf 78' lang='lat' dir='ltr'>menn</span> <span class='ocrx_word' id='word_1_248' title='bbox 615 2452 674 2508; x_wconf 85' lang='lat' dir='ltr'>und</span> <span class='ocrx_word' id='word_1_249' title='bbox 692 2469 731 2506; x_wconf 79' lang='lat' dir='ltr'>mo</span> <span class='ocrx_word' id='word_1_250' title='bbox 763 2453 801 2505; x_wconf 84' lang='lat' dir='ltr'>riu</span> <span class='ocrx_word' id='word_1_251' title='bbox 831 2449 961 2514; x_wconf 75' lang='lat' dir='ltr'>ricbtcst,</span> 
     </span>
     <span class='ocr_line' id='line_1_30' title="bbox 147 2531 960 2612; baseline -0.011 -18"><span class='ocrx_word' id='word_1_252' title='bbox 147 2542 191 2594; x_wconf 86' lang='lat' dir='ltr'>ein</span> <span class='ocrx_word' id='word_1_253' title='bbox 208 2553 367 2612; x_wconf 65' lang='lat' dir='ltr'>pestreuper</span> <span class='ocrx_word' id='word_1_254' title='bbox 384 2540 513 2605; x_wconf 84' lang='lat' dir='ltr'>Iir&#39;clster,</span> <span class='ocrx_word' id='word_1_255' title='bbox 530 2537 589 2592; x_wconf 85' lang='lat' dir='ltr'>und</span> <span class='ocrx_word' id='word_1_256' title='bbox 605 2538 698 2592; x_wconf 85' lang='lat' dir='ltr'>ricluet</span> <span class='ocrx_word' id='word_1_257' title='bbox 717 2535 785 2588; x_wconf 77' lang='lat' dir='ltr'>siber</span> <span class='ocrx_word' id='word_1_258' title='bbox 811 2533 872 2588; x_wconf 79' lang='lat' dir='ltr'>dicis</span> <span class='ocrx_word' id='word_1_259' title='bbox 898 2531 960 2603; x_wconf 71' lang='lat' dir='ltr'>glei-</span> 
     </span>
     <span class='ocr_line' id='line_1_31' title="bbox 145 2618 961 2692; baseline -0.011 -16"><span class='ocrx_word' id='word_1_260' title='bbox 145 2625 210 2676; x_wconf 86' lang='lat' dir='ltr'>clser</span> <span class='ocrx_word' id='word_1_261' title='bbox 221 2640 345 2692; x_wconf 76' lang='lat' dir='ltr'>innocen,</span> <span class='ocrx_word' id='word_1_262' title='bbox 360 2627 402 2680; x_wconf 83' lang='lat' dir='ltr'>nir</span> <span class='ocrx_word' id='word_1_263' title='bbox 414 2621 453 2676; x_wconf 85' lang='lat' dir='ltr'>du</span> <span class='ocrx_word' id='word_1_264' title='bbox 465 2623 530 2676; x_wconf 84' lang='lat' dir='ltr'>tiber</span> <span class='ocrx_word' id='word_1_265' title='bbox 542 2621 833 2684; x_wconf 62' lang='lat' dir='ltr'>ascensurumque.</span> <span class='ocrx_word' id='word_1_266' title='bbox 849 2618 879 2668; x_wconf 92' lang='lat' dir='ltr'>lu</span> <span class='ocrx_word' id='word_1_267' title='bbox 893 2635 961 2668; x_wconf 88' lang='lat' dir='ltr'>esm-</span> 
     </span>
     <span class='ocr_line' id='line_1_32' title="bbox 141 2701 964 2776; baseline -0.01 -16"><span class='ocrx_word' id='word_1_268' title='bbox 141 2709 206 2760; x_wconf 88' lang='lat' dir='ltr'>drm</span> <span class='ocrx_word' id='word_1_269' title='bbox 224 2710 382 2762; x_wconf 85' lang='lat' dir='ltr'>seutentiam</span> <span class='ocrx_word' id='word_1_270' title='bbox 401 2709 532 2776; x_wconf 77' lang='lat' dir='ltr'>elegentes</span> <span class='ocrx_word' id='word_1_271' title='bbox 552 2707 662 2759; x_wconf 87' lang='lat' dir='ltr'>disserit</span> <span class='ocrx_word' id='word_1_272' title='bbox 681 2703 837 2755; x_wconf 77' lang='lat' dir='ltr'>Francicus</span> <span class='ocrx_word' id='word_1_273' title='bbox 865 2701 964 2754; x_wconf 80' lang='lat' dir='ltr'>Petras·</span> 
     </span>
    </p>
   </div>
   <div class='ocr_carea' id='block_1_10' title="bbox 27 2781 960 2854">
    <p class='ocr_par' dir='ltr' id='par_1_10' title="bbox 27 2781 960 2854">
     <span class='ocr_line' id='line_1_33' title="bbox 27 2781 960 2854; baseline -0.014 -6"><span class='ocrx_word' id='word_1_274' title='bbox 27 2781 30 2792; x_wconf 91' lang='lat'>&#39;</span> <span class='ocrx_word' id='word_1_275' title='bbox 142 2793 191 2846; x_wconf 71' lang='lat' dir='ltr'>ss.</span> <span class='ocrx_word' id='word_1_276' title='bbox 211 2795 246 2848; x_wconf 75' lang='lat' dir='ltr'>a.</span> <span class='ocrx_word' id='word_1_277' title='bbox 262 2793 364 2846; x_wconf 72' lang='lat' dir='ltr'>..mu</span> <span class='ocrx_word' id='word_1_278' title='bbox 383 2804 435 2848; x_wconf 69' lang='lat' dir='ltr'>n..</span> <span class='ocrx_word' id='word_1_279' title='bbox 450 2788 518 2854; x_wconf 69' lang='lat' dir='ltr'>fur.</span> <span class='ocrx_word' id='word_1_280' title='bbox 536 2789 581 2842; x_wconf 85' lang='lat' dir='ltr'>us.</span> <span class='ocrx_word' id='word_1_281' title='bbox 600 2791 632 2842; x_wconf 83' lang='grc' dir='ltr'>ι.</span> <span class='ocrx_word' id='word_1_282' title='bbox 646 2789 713 2843; x_wconf 82' lang='lat' dir='ltr'>snt.</span> <span class='ocrx_word' id='word_1_283' title='bbox 733 2786 776 2838; x_wconf 84' lang='lat' dir='ltr'>tr.</span> <span class='ocrx_word' id='word_1_284' title='bbox 808 2805 823 2833; x_wconf 71' lang='grc' dir='ltr'>ι</span> <span class='ocrx_word' id='word_1_285' title='bbox 856 2785 904 2850; x_wconf 76' lang='lat' dir='ltr'>sn</span> <span class='ocrx_word' id='word_1_286' title='bbox 922 2785 960 2850; x_wconf 71' lang='lat' dir='ltr'>s...</span> 
     </span>
    </p>
   </div>
   <div class='ocr_carea' id='block_1_11' title="bbox 143 2867 964 2948">
    <p class='ocr_par' dir='ltr' id='par_1_11' title="bbox 143 2867 964 2948">
     <span class='ocr_line' id='line_1_34' title="bbox 143 2867 964 2948; baseline -0.009 -19"><span class='ocrx_word' id='word_1_287' title='bbox 143 2895 157 2948; x_wconf 73' lang='lat' dir='ltr'>s</span> <span class='ocrx_word' id='word_1_288' title='bbox 178 2876 252 2940; x_wconf 85' lang='lat' dir='ltr'>dics,</span> <span class='ocrx_word' id='word_1_289' title='bbox 270 2875 372 2944; x_wconf 75' lang='lat' dir='ltr'>inquis,</span> <span class='ocrx_word' id='word_1_290' title='bbox 390 2876 466 2946; x_wconf 91' lang='lat' dir='ltr'>quasi</span> <span class='ocrx_word' id='word_1_291' title='bbox 486 2891 548 2930; x_wconf 78' lang='lat' dir='ltr'>mox</span> <span class='ocrx_word' id='word_1_292' title='bbox 567 2875 601 2928; x_wconf 88' lang='lat' dir='ltr'>sb</span> <span class='ocrx_word' id='word_1_293' title='bbox 618 2874 671 2925; x_wconf 89' lang='lat' dir='ltr'>alio</span> <span class='ocrx_word' id='word_1_294' title='bbox 696 2869 861 2940; x_wconf 84' lang='lat' dir='ltr'>judicandus.</span> <span class='ocrx_word' id='word_1_295' title='bbox 887 2867 964 2922; x_wconf 83' lang='lat' dir='ltr'>Unus</span> 
     </span>
    </p>
   </div>
   <div class='ocr_carea' id='block_1_12' title="bbox 35 2949 963 3028">
    <p class='ocr_par' dir='ltr' id='par_1_12' title="bbox 35 2949 963 3028">
     <span class='ocr_line' id='line_1_35' title="bbox 35 2949 963 3028; baseline -0.006 -17"><span class='ocrx_word' id='word_1_296' title='bbox 35 2949 43 2960; x_wconf 82' lang='grc'><strong>’</strong></span> <span class='ocrx_word' id='word_1_297' title='bbox 143 2979 157 3004; x_wconf 77' lang='lat' dir='ltr'>s</span> <span class='ocrx_word' id='word_1_298' title='bbox 177 2960 355 3012; x_wconf 87' lang='lat' dir='ltr'>estomnium</span> <span class='ocrx_word' id='word_1_299' title='bbox 374 2961 467 3028; x_wconf 80' lang='lat' dir='ltr'>judex,</span> <span class='ocrx_word' id='word_1_300' title='bbox 492 2975 575 3012; x_wconf 89' lang='lat' dir='ltr'>unum</span> <span class='ocrx_word' id='word_1_301' title='bbox 608 2959 725 3011; x_wconf 90' lang='lat' dir='ltr'>tribunal</span> <span class='ocrx_word' id='word_1_302' title='bbox 755 2956 963 3025; x_wconf 83' lang='lat' dir='ltr'>incorruptum,</span> 
     </span>
    </p>
   </div>
   <div class='ocr_carea' id='block_1_13' title="bbox 1012 623 1842 3027">
    <p class='ocr_par' dir='ltr' id='par_1_13' title="bbox 1012 623 1839 1514">
     <span class='ocr_line' id='line_1_36' title="bbox 1014 623 1828 696; baseline 0.005 -17"><span class='ocrx_word' id='word_1_303' title='bbox 1014 638 1100 680; x_wconf 86' lang='lat' dir='ltr'>tamen</span> <span class='ocrx_word' id='word_1_304' title='bbox 1119 627 1316 696; x_wconf 78' lang='lat' dir='ltr'>apertissimum</span> <span class='ocrx_word' id='word_1_305' title='bbox 1337 627 1392 690; x_wconf 93' lang='lat' dir='ltr'>sit,</span> <span class='ocrx_word' id='word_1_306' title='bbox 1410 642 1487 690; x_wconf 88' lang='lat' dir='ltr'>eum,</span> <span class='ocrx_word' id='word_1_307' title='bbox 1507 623 1553 694; x_wconf 91' lang='lat' dir='ltr'>qni</span> <span class='ocrx_word' id='word_1_308' title='bbox 1573 625 1697 693; x_wconf 88' lang='lat' dir='ltr'>injuriam</span> <span class='ocrx_word' id='word_1_309' title='bbox 1722 627 1775 680; x_wconf 91' lang='lat' dir='ltr'>sibi</span> <span class='ocrx_word' id='word_1_310' title='bbox 1795 631 1828 683; x_wconf 86' lang='lat' dir='ltr'>it·</span> 
     </span>
     <span class='ocr_line' id='line_1_37' title="bbox 1013 708 1829 777; baseline 0.001 -13"><span class='ocrx_word' id='word_1_311' title='bbox 1013 713 1090 764; x_wconf 75' lang='lat' dir='ltr'>lotam</span> <span class='ocrx_word' id='word_1_312' title='bbox 1111 713 1139 764; x_wconf 90' lang='lat' dir='ltr'>iu</span> <span class='ocrx_word' id='word_1_313' title='bbox 1159 709 1320 765; x_wconf 78' lang='lat' dir='ltr'>inserentem</span> <span class='ocrx_word' id='word_1_314' title='bbox 1341 711 1445 777; x_wconf 84' lang='lat' dir='ltr'>rejicit,</span> <span class='ocrx_word' id='word_1_315' title='bbox 1463 708 1582 762; x_wconf 84' lang='lat' dir='ltr'>nonnisi</span> <span class='ocrx_word' id='word_1_316' title='bbox 1600 709 1774 763; x_wconf 74' lang='lat' dir='ltr'>vindicandae</span> <span class='ocrx_word' id='word_1_317' title='bbox 1787 711 1829 766; x_wconf 75' lang='lat' dir='ltr'>to·</span> 
     </span>
     <span class='ocr_line' id='line_1_38' title="bbox 1012 791 1833 864; baseline 0 -16"><span class='ocrx_word' id='word_1_318' title='bbox 1012 798 1095 864; x_wconf 81' lang='lat' dir='ltr'>jurise</span> <span class='ocrx_word' id='word_1_319' title='bbox 1114 812 1190 848; x_wconf 88' lang='lat' dir='ltr'>causa</span> <span class='ocrx_word' id='word_1_320' title='bbox 1208 795 1257 848; x_wconf 87' lang='lat' dir='ltr'>bec</span> <span class='ocrx_word' id='word_1_321' title='bbox 1276 791 1363 846; x_wconf 77' lang='lat' dir='ltr'>locere</span> <span class='ocrx_word' id='word_1_322' title='bbox 1381 807 1475 862; x_wconf 69' lang='lat' dir='ltr'>posses</span> <span class='ocrx_word' id='word_1_323' title='bbox 1494 807 1553 844; x_wconf 88' lang='lat' dir='ltr'>cum</span> <span class='ocrx_word' id='word_1_324' title='bbox 1579 792 1650 844; x_wconf 87' lang='lat' dir='ltr'>nulls</span> <span class='ocrx_word' id='word_1_325' title='bbox 1677 793 1730 848; x_wconf 88' lang='lat' dir='ltr'>alia</span> <span class='ocrx_word' id='word_1_326' title='bbox 1759 796 1833 862; x_wconf 83' lang='lat' dir='ltr'>insta·</span> 
     </span>
     <span class='ocr_line' id='line_1_39' title="bbox 1014 877 1833 946; baseline 0.004 -16"><span class='ocrx_word' id='word_1_327' title='bbox 1014 878 1090 946; x_wconf 83' lang='lat' dir='ltr'>bnjns</span> <span class='ocrx_word' id='word_1_328' title='bbox 1110 877 1236 932; x_wconf 80' lang='lat' dir='ltr'>iocinoris</span> <span class='ocrx_word' id='word_1_329' title='bbox 1255 895 1330 932; x_wconf 89' lang='lat' dir='ltr'>csuss</span> <span class='ocrx_word' id='word_1_330' title='bbox 1349 877 1457 946; x_wconf 76' lang='lat' dir='ltr'>allegari</span> <span class='ocrx_word' id='word_1_331' title='bbox 1482 878 1583 946; x_wconf 83' lang='lat' dir='ltr'>possit:</span> <span class='ocrx_word' id='word_1_332' title='bbox 1612 893 1695 944; x_wconf 90' lang='lat' dir='ltr'>neque</span> <span class='ocrx_word' id='word_1_333' title='bbox 1726 880 1805 932; x_wconf 86' lang='lat' dir='ltr'>etism</span> <span class='ocrx_word' id='word_1_334' title='bbox 1819 913 1833 946; x_wconf 67' lang='grc' dir='ltr'>,Δ</span> 
     </span>
     <span class='ocr_line' id='line_1_40' title="bbox 1014 958 1835 1031; baseline -0.001 -19"><span class='ocrx_word' id='word_1_335' title='bbox 1014 962 1060 1031; x_wconf 89' lang='lat' dir='ltr'>qui</span> <span class='ocrx_word' id='word_1_336' title='bbox 1078 961 1111 1014; x_wconf 86' lang='lat' dir='ltr'>ad</span> <span class='ocrx_word' id='word_1_337' title='bbox 1131 962 1335 1014; x_wconf 74' lang='lat' dir='ltr'>recantatiouem</span> <span class='ocrx_word' id='word_1_338' title='bbox 1354 962 1406 1028; x_wconf 75' lang='lat' dir='ltr'>agit</span> <span class='ocrx_word' id='word_1_339' title='bbox 1419 995 1426 1022; x_wconf 87' lang='lat'>,</span> <span class='ocrx_word' id='word_1_340' title='bbox 1439 958 1533 1010; x_wconf 75' lang='lat' dir='ltr'>lamam</span> <span class='ocrx_word' id='word_1_341' title='bbox 1553 958 1680 1011; x_wconf 88' lang='lat' dir='ltr'>amissam</span> <span class='ocrx_word' id='word_1_342' title='bbox 1695 963 1835 1031; x_wconf 79' lang='lat' dir='ltr'>persequi,</span> 
     </span>
     <span class='ocr_line' id='line_1_41' title="bbox 1014 1043 1833 1116; baseline 0.002 -20"><span class='ocrx_word' id='word_1_343' title='bbox 1014 1043 1183 1114; x_wconf 65' lang='lat' dir='ltr'>eiusdemque</span> <span class='ocrx_word' id='word_1_344' title='bbox 1200 1044 1300 1096; x_wconf 89' lang='lat' dir='ltr'>ablatae</span> <span class='ocrx_word' id='word_1_345' title='bbox 1319 1043 1514 1096; x_wconf 87' lang='lat' dir='ltr'>restitutionem</span> <span class='ocrx_word' id='word_1_346' title='bbox 1533 1051 1623 1112; x_wconf 82' lang='lat' dir='ltr'>petere</span> <span class='ocrx_word' id='word_1_347' title='bbox 1641 1053 1747 1111; x_wconf 69' lang='lat' dir='ltr'>potest,</span> <span class='ocrx_word' id='word_1_348' title='bbox 1766 1047 1833 1116; x_wconf 77' lang='lat' dir='ltr'>quia</span> 
     </span>
     <span class='ocr_line' id='line_1_42' title="bbox 1013 1123 1839 1194; baseline 0 -16"><span class='ocrx_word' id='word_1_349' title='bbox 1013 1125 1079 1178; x_wconf 77' lang='lat' dir='ltr'>lamo</span> <span class='ocrx_word' id='word_1_350' title='bbox 1100 1129 1151 1180; x_wconf 85' lang='lat' dir='ltr'>riri</span> <span class='ocrx_word' id='word_1_351' title='bbox 1171 1128 1238 1179; x_wconf 90' lang='lat' dir='ltr'>boni·</span> <span class='ocrx_word' id='word_1_352' title='bbox 1254 1127 1286 1178; x_wconf 91' lang='lat' dir='ltr'>ab</span> <span class='ocrx_word' id='word_1_353' title='bbox 1304 1125 1418 1177; x_wconf 88' lang='lat' dir='ltr'>arbitrio</span> <span class='ocrx_word' id='word_1_354' title='bbox 1436 1125 1596 1191; x_wconf 81' lang='lat' dir='ltr'>injurientis·</span> <span class='ocrx_word' id='word_1_355' title='bbox 1610 1141 1664 1176; x_wconf 89' lang='lat' dir='ltr'>non</span> <span class='ocrx_word' id='word_1_356' title='bbox 1690 1123 1839 1194; x_wconf 66' lang='lat' dir='ltr'>dependetr:</span> 
     </span>
     <span class='ocr_line' id='line_1_43' title="bbox 1013 1207 1838 1280; baseline 0.001 -17"><span class='ocrx_word' id='word_1_357' title='bbox 1013 1227 1113 1278; x_wconf 88' lang='lat' dir='ltr'>neque,</span> <span class='ocrx_word' id='word_1_358' title='bbox 1132 1211 1155 1263; x_wconf 88' lang='lat' dir='ltr'>si</span> <span class='ocrx_word' id='word_1_359' title='bbox 1175 1211 1214 1262; x_wconf 86' lang='lat' dir='ltr'>sel</span> <span class='ocrx_word' id='word_1_360' title='bbox 1234 1209 1349 1260; x_wconf 79' lang='lat' dir='ltr'>manime</span> <span class='ocrx_word' id='word_1_361' title='bbox 1374 1207 1471 1260; x_wconf 87' lang='lat' dir='ltr'>amissa</span> <span class='ocrx_word' id='word_1_362' title='bbox 1496 1217 1580 1269; x_wconf 79' lang='lat' dir='ltr'>esset.</span> <span class='ocrx_word' id='word_1_363' title='bbox 1610 1208 1639 1260; x_wconf 90' lang='lat' dir='ltr'>iu</span> <span class='ocrx_word' id='word_1_364' title='bbox 1669 1209 1838 1280; x_wconf 90' lang='lat' dir='ltr'>patrimonio·</span> 
     </span>
     <span class='ocr_line' id='line_1_44' title="bbox 1012 1289 1838 1362; baseline 0 -16"><span class='ocrx_word' id='word_1_365' title='bbox 1012 1297 1266 1362; x_wconf 85' lang='lat' dir='ltr'>nostroest,qnod</span> <span class='ocrx_word' id='word_1_366' title='bbox 1288 1293 1420 1346; x_wconf 81' lang='lat' dir='ltr'>tamenin</span> <span class='ocrx_word' id='word_1_367' title='bbox 1450 1290 1553 1344; x_wconf 86' lang='lat' dir='ltr'>actione</span> <span class='ocrx_word' id='word_1_368' title='bbox 1582 1289 1620 1343; x_wconf 88' lang='lat' dir='ltr'>rei</span> <span class='ocrx_word' id='word_1_369' title='bbox 1653 1294 1838 1360; x_wconf 81' lang='lat' dir='ltr'>persecutoria·</span> 
     </span>
     <span class='ocr_line' id='line_1_45' title="bbox 1012 1373 1831 1447; baseline 0.002 -19"><span class='ocrx_word' id='word_1_370' title='bbox 1012 1374 1155 1429; x_wconf 85' lang='lat' dir='ltr'>secundum</span> <span class='ocrx_word' id='word_1_371' title='bbox 1174 1376 1193 1428; x_wconf 78' lang='lat' dir='ltr'>i.</span> <span class='ocrx_word' id='word_1_372' title='bbox 1213 1373 1309 1444; x_wconf 66' lang='lat' dir='ltr'>llbff.</span> <span class='ocrx_word' id='word_1_373' title='bbox 1327 1377 1403 1430; x_wconf 82' lang='lat' dir='ltr'>deo.</span> <span class='ocrx_word' id='word_1_374' title='bbox 1421 1384 1448 1428; x_wconf 88' lang='lat' dir='ltr'>et</span> <span class='ocrx_word' id='word_1_375' title='bbox 1478 1395 1510 1430; x_wconf 82' lang='lat' dir='ltr'>a.</span> <span class='ocrx_word' id='word_1_376' title='bbox 1536 1389 1646 1445; x_wconf 86' lang='lat' dir='ltr'>sempor</span> <span class='ocrx_word' id='word_1_377' title='bbox 1677 1390 1831 1447; x_wconf 77' lang='lat' dir='ltr'>supponen-</span> 
     </span>
     <span class='ocr_line' id='line_1_46' title="bbox 1012 1459 1093 1514; baseline 0.074 -5"><span class='ocrx_word' id='word_1_378' title='bbox 1012 1459 1093 1514; x_wconf 88' lang='lat' dir='ltr'>dum.</span> 
     </span>
    </p>

    <p class='ocr_par' dir='ltr' id='par_1_14' title="bbox 1012 1539 1842 3027">
     <span class='ocr_line' id='line_1_47' title="bbox 1047 1539 1840 1613; baseline -0.001 -17"><span class='ocrx_word' id='word_1_379' title='bbox 1047 1543 1072 1613; x_wconf 61' lang='grc' dir='ltr'>ᾖ.</span> <span class='ocrx_word' id='word_1_380' title='bbox 1089 1545 1114 1596; x_wconf 85' lang='grc'>8.</span> <span class='ocrx_word' id='word_1_381' title='bbox 1132 1543 1170 1596; x_wconf 84' lang='lat' dir='ltr'>ttr</span> <span class='ocrx_word' id='word_1_382' title='bbox 1188 1551 1275 1596; x_wconf 86' lang='lat' dir='ltr'>sotem</span> <span class='ocrx_word' id='word_1_383' title='bbox 1294 1541 1367 1596; x_wconf 84' lang='lat' dir='ltr'>riom</span> <span class='ocrx_word' id='word_1_384' title='bbox 1383 1539 1537 1603; x_wconf 83' lang='lat' dir='ltr'>osteadens,</span> <span class='ocrx_word' id='word_1_385' title='bbox 1557 1557 1641 1608; x_wconf 82' lang='lat' dir='ltr'>quom·</span> <span class='ocrx_word' id='word_1_386' title='bbox 1656 1541 1732 1595; x_wconf 88' lang='lat' dir='ltr'>ciros·</span> <span class='ocrx_word' id='word_1_387' title='bbox 1751 1543 1840 1596; x_wconf 68' lang='lat' dir='ltr'>cors-ie</span> 
     </span>
     <span class='ocr_line' id='line_1_48' title="bbox 1012 1623 1834 1696; baseline 0.005 -22"><span class='ocrx_word' id='word_1_388' title='bbox 1012 1623 1110 1690; x_wconf 72' lang='lat' dir='ltr'>pendas</span> <span class='ocrx_word' id='word_1_389' title='bbox 1128 1641 1297 1694; x_wconf 78' lang='lat' dir='ltr'>processuum</span> <span class='ocrx_word' id='word_1_390' title='bbox 1318 1625 1345 1676; x_wconf 90' lang='lat' dir='ltr'>in</span> <span class='ocrx_word' id='word_1_391' title='bbox 1364 1639 1459 1693; x_wconf 68' lang='lat' dir='ltr'>genero</span> <span class='ocrx_word' id='word_1_392' title='bbox 1477 1623 1702 1677; x_wconf 87' lang='lat' dir='ltr'>cousiderstorum</span> <span class='ocrx_word' id='word_1_393' title='bbox 1729 1625 1834 1696; x_wconf 88' lang='lat' dir='ltr'>iniqui-</span> 
     </span>
     <span class='ocr_line' id='line_1_49' title="bbox 1014 1707 1835 1779; baseline 0.006 -21"><span class='ocrx_word' id='word_1_394' title='bbox 1014 1718 1080 1760; x_wconf 87' lang='grc' dir='ltr'>ιιιιι</span> <span class='ocrx_word' id='word_1_395' title='bbox 1099 1709 1169 1760; x_wconf 88' lang='lat' dir='ltr'>inire</span> <span class='ocrx_word' id='word_1_396' title='bbox 1188 1710 1312 1776; x_wconf 82' lang='lat' dir='ltr'>princeps</span> <span class='ocrx_word' id='word_1_397' title='bbox 1331 1719 1437 1777; x_wconf 80' lang='lat' dir='ltr'>posset.</span> <span class='ocrx_word' id='word_1_398' title='bbox 1455 1707 1589 1775; x_wconf 85' lang='lat' dir='ltr'>sequentia</span> <span class='ocrx_word' id='word_1_399' title='bbox 1608 1709 1669 1772; x_wconf 91' lang='lat' dir='ltr'>bic,</span> <span class='ocrx_word' id='word_1_400' title='bbox 1688 1725 1746 1760; x_wconf 90' lang='lat' dir='ltr'>cum</span> <span class='ocrx_word' id='word_1_401' title='bbox 1766 1725 1835 1779; x_wconf 81' lang='lat' dir='ltr'>pecc·</span> 
     </span>
     <span class='ocr_line' id='line_1_50' title="bbox 1012 1791 1836 1861; baseline 0 -17"><span class='ocrx_word' id='word_1_402' title='bbox 1012 1793 1142 1856; x_wconf 87' lang='lat' dir='ltr'>aliorum,</span> <span class='ocrx_word' id='word_1_403' title='bbox 1160 1795 1205 1861; x_wconf 89' lang='lat' dir='ltr'>qui</span> <span class='ocrx_word' id='word_1_404' title='bbox 1226 1792 1383 1850; x_wconf 86' lang='lat' dir='ltr'>melioribus</span> <span class='ocrx_word' id='word_1_405' title='bbox 1403 1791 1470 1844; x_wconf 85' lang='lat' dir='ltr'>iuste</span> <span class='ocrx_word' id='word_1_406' title='bbox 1488 1793 1608 1845; x_wconf 83' lang='lat' dir='ltr'>instructi</span> <span class='ocrx_word' id='word_1_407' title='bbox 1627 1809 1683 1845; x_wconf 89' lang='lat' dir='ltr'>esse</span> <span class='ocrx_word' id='word_1_408' title='bbox 1701 1803 1836 1860; x_wconf 89' lang='lat' dir='ltr'>possunt,-</span> 
     </span>
     <span class='ocr_line' id='line_1_51' title="bbox 1013 1873 1838 1944; baseline 0.004 -17"><span class='ocrx_word' id='word_1_409' title='bbox 1013 1874 1129 1927; x_wconf 84' lang='lat' dir='ltr'>remedia</span> <span class='ocrx_word' id='word_1_410' title='bbox 1148 1891 1303 1944; x_wconf 88' lang='lat' dir='ltr'>proponam.</span> <span class='ocrx_word' id='word_1_411' title='bbox 1321 1873 1362 1943; x_wconf 89' lang='lat' dir='ltr'>(t)</span> <span class='ocrx_word' id='word_1_412' title='bbox 1382 1875 1450 1926; x_wconf 74' lang='lat' dir='ltr'>note</span> <span class='ocrx_word' id='word_1_413' title='bbox 1479 1875 1573 1927; x_wconf 84' lang='lat' dir='ltr'>omnis</span> <span class='ocrx_word' id='word_1_414' title='bbox 1600 1892 1631 1928; x_wconf 89' lang='lat' dir='ltr'>eo</span> <span class='ocrx_word' id='word_1_415' title='bbox 1659 1875 1838 1930; x_wconf 84' lang='lat' dir='ltr'>laborandum·</span> 
     </span>
     <span class='ocr_line' id='line_1_52' title="bbox 1013 1957 1839 2028; baseline 0.007 -21"><span class='ocrx_word' id='word_1_416' title='bbox 1013 1959 1082 2019; x_wconf 89' lang='lat' dir='ltr'>erit,</span> <span class='ocrx_word' id='word_1_417' title='bbox 1101 1969 1130 2010; x_wconf 92' lang='lat' dir='ltr'>ut</span> <span class='ocrx_word' id='word_1_418' title='bbox 1148 1957 1185 2021; x_wconf 88' lang='lat' dir='ltr'>ii,</span> <span class='ocrx_word' id='word_1_419' title='bbox 1202 1957 1300 2026; x_wconf 86' lang='lat' dir='ltr'>quibus</span> <span class='ocrx_word' id='word_1_420' title='bbox 1319 1957 1380 2010; x_wconf 90' lang='lat' dir='ltr'>lites</span> <span class='ocrx_word' id='word_1_421' title='bbox 1399 1975 1459 2010; x_wconf 88' lang='lat' dir='ltr'>cuns</span> <span class='ocrx_word' id='word_1_422' title='bbox 1479 1958 1541 2010; x_wconf 88' lang='lat' dir='ltr'>aliis</span> <span class='ocrx_word' id='word_1_423' title='bbox 1559 1975 1616 2012; x_wconf 89' lang='lat' dir='ltr'>osse</span> <span class='ocrx_word' id='word_1_424' title='bbox 1634 1969 1786 2028; x_wconf 86' lang='lat' dir='ltr'>coeperunt,</span> <span class='ocrx_word' id='word_1_425' title='bbox 1798 1961 1839 2012; x_wconf 75' lang='lat' dir='ltr'>ad‘»</span> 
     </span>
     <span class='ocr_line' id='line_1_53' title="bbox 1012 2040 1833 2109; baseline 0.006 -16"><span class='ocrx_word' id='word_1_426' title='bbox 1012 2040 1121 2094; x_wconf 85' lang='lat' dir='ltr'>stoicam</span> <span class='ocrx_word' id='word_1_427' title='bbox 1141 2058 1227 2094; x_wconf 89' lang='lat' dir='ltr'>coram</span> <span class='ocrx_word' id='word_1_428' title='bbox 1246 2040 1358 2092; x_wconf 89' lang='lat' dir='ltr'>arbitris</span> <span class='ocrx_word' id='word_1_429' title='bbox 1376 2057 1454 2109; x_wconf 88' lang='lat' dir='ltr'>comp</span> <span class='ocrx_word' id='word_1_430' title='bbox 1475 2041 1619 2104; x_wconf 85' lang='lat' dir='ltr'>titionem,</span> <span class='ocrx_word' id='word_1_431' title='bbox 1637 2044 1776 2095; x_wconf 84' lang='lat' dir='ltr'>statuta-in</span> <span class='ocrx_word' id='word_1_432' title='bbox 1798 2054 1833 2098; x_wconf 69' lang='lat' dir='ltr'>tes</span> 
     </span>
     <span class='ocr_line' id='line_1_54' title="bbox 1015 2124 1840 2197; baseline 0.005 -21"><span class='ocrx_word' id='word_1_433' title='bbox 1015 2135 1086 2176; x_wconf 75' lang='lat' dir='ltr'>merc</span> <span class='ocrx_word' id='word_1_434' title='bbox 1104 2124 1239 2192; x_wconf 68' lang='lat' dir='ltr'>ls&#39;tipsntes</span> <span class='ocrx_word' id='word_1_435' title='bbox 1258 2141 1339 2194; x_wconf 83' lang='lat' dir='ltr'>pocus</span> <span class='ocrx_word' id='word_1_436' title='bbox 1356 2124 1490 2191; x_wconf 68' lang='lat' dir='ltr'>graviori,</span> <span class='ocrx_word' id='word_1_437' title='bbox 1513 2125 1663 2178; x_wconf 82' lang='lat' dir='ltr'>inuitentur.</span> <span class='ocrx_word' id='word_1_438' title='bbox 1691 2125 1740 2195; x_wconf 80' lang='lat'>(2)</span> <span class='ocrx_word' id='word_1_439' title='bbox 1764 2128 1840 2197; x_wconf 72' lang='lat' dir='ltr'>anr</span> 
     </span>
     <span class='ocr_line' id='line_1_55' title="bbox 1014 2206 1828 2276; baseline 0.009 -20"><span class='ocrx_word' id='word_1_440' title='bbox 1014 2206 1085 2258; x_wconf 87' lang='lat' dir='ltr'>uiam</span> <span class='ocrx_word' id='word_1_441' title='bbox 1107 2216 1193 2259; x_wconf 84' lang='lat' dir='ltr'>tamen</span> <span class='ocrx_word' id='word_1_442' title='bbox 1214 2206 1349 2258; x_wconf 87' lang='lat' dir='ltr'>interdum</span> <span class='ocrx_word' id='word_1_443' title='bbox 1369 2206 1474 2260; x_wconf 75' lang='lat' dir='ltr'>euenire</span> <span class='ocrx_word' id='word_1_444' title='bbox 1493 2215 1595 2276; x_wconf 89' lang='lat' dir='ltr'>potest,</span> <span class='ocrx_word' id='word_1_445' title='bbox 1614 2218 1642 2259; x_wconf 92' lang='lat' dir='ltr'>ut</span> <span class='ocrx_word' id='word_1_446' title='bbox 1660 2207 1754 2262; x_wconf 77' lang='lat' dir='ltr'>arbitri</span> <span class='ocrx_word' id='word_1_447' title='bbox 1775 2211 1828 2264; x_wconf 73' lang='lat' dir='ltr'>ele·</span> 
     </span>
     <span class='ocr_line' id='line_1_56' title="bbox 1012 2287 1838 2362; baseline 0.006 -22"><span class='ocrx_word' id='word_1_448' title='bbox 1012 2289 1049 2340; x_wconf 86' lang='lat' dir='ltr'>cti</span> <span class='ocrx_word' id='word_1_449' title='bbox 1070 2298 1138 2343; x_wconf 78' lang='lat' dir='ltr'>teuta</span> <span class='ocrx_word' id='word_1_450' title='bbox 1157 2289 1324 2356; x_wconf 78' lang='lat' dir='ltr'>dijudicandi</span> <span class='ocrx_word' id='word_1_451' title='bbox 1344 2287 1467 2342; x_wconf 72' lang='lat' dir='ltr'>lucultste</span> <span class='ocrx_word' id='word_1_452' title='bbox 1480 2289 1599 2344; x_wconf 88' lang='lat' dir='ltr'>instructi</span> <span class='ocrx_word' id='word_1_453' title='bbox 1612 2291 1737 2356; x_wconf 76' lang='lat' dir='ltr'>nonaint,</span> <span class='ocrx_word' id='word_1_454' title='bbox 1750 2310 1838 2362; x_wconf 82' lang='lat' dir='ltr'>quen·-</span> 
     </span>
     <span class='ocr_line' id='line_1_57' title="bbox 1014 2371 1840 2445; baseline 0.008 -23"><span class='ocrx_word' id='word_1_455' title='bbox 1014 2379 1066 2423; x_wconf 91' lang='lat' dir='ltr'>tam</span> <span class='ocrx_word' id='word_1_456' title='bbox 1085 2371 1226 2425; x_wconf 86' lang='lat' dir='ltr'>nonnullae</span> <span class='ocrx_word' id='word_1_457' title='bbox 1243 2373 1436 2426; x_wconf 79' lang='lat' dir='ltr'>coutroversiae</span> <span class='ocrx_word' id='word_1_458' title='bbox 1455 2371 1605 2442; x_wconf 85' lang='lat' dir='ltr'>requirere.</span> <span class='ocrx_word' id='word_1_459' title='bbox 1625 2385 1739 2442; x_wconf 85' lang='lat' dir='ltr'>possent,</span> <span class='ocrx_word' id='word_1_460' title='bbox 1753 2385 1840 2445; x_wconf 88' lang='lat' dir='ltr'>atque·</span> 
     </span>
     <span class='ocr_line' id='line_1_58' title="bbox 1013 2452 1836 2524; baseline 0.006 -18"><span class='ocrx_word' id='word_1_461' title='bbox 1013 2454 1077 2508; x_wconf 89' lang='lat' dir='ltr'>adeo</span> <span class='ocrx_word' id='word_1_462' title='bbox 1094 2455 1190 2524; x_wconf 83' lang='lat' dir='ltr'>judicis</span> <span class='ocrx_word' id='word_1_463' title='bbox 1208 2455 1341 2510; x_wconf 89' lang='lat' dir='ltr'>ordinarii</span> <span class='ocrx_word' id='word_1_464' title='bbox 1359 2452 1480 2509; x_wconf 80' lang='lat' dir='ltr'>officium</span> <span class='ocrx_word' id='word_1_465' title='bbox 1501 2455 1696 2524; x_wconf 83' lang='lat' dir='ltr'>implorsndum</span> <span class='ocrx_word' id='word_1_466' title='bbox 1715 2458 1836 2512; x_wconf 90' lang='lat' dir='ltr'>omniun·</span> 
     </span>
     <span class='ocr_line' id='line_1_59' title="bbox 1015 2538 1830 2610; baseline 0.009 -22"><span class='ocrx_word' id='word_1_467' title='bbox 1015 2538 1069 2604; x_wconf 63' lang='lat' dir='ltr'>site</span> <span class='ocrx_word' id='word_1_468' title='bbox 1089 2538 1152 2592; x_wconf 87' lang='lat' dir='ltr'>binc</span> <span class='ocrx_word' id='word_1_469' title='bbox 1172 2539 1296 2610; x_wconf 86' lang='lat' dir='ltr'>inprimis</span> <span class='ocrx_word' id='word_1_470' title='bbox 1320 2540 1494 2592; x_wconf 85' lang='lat' dir='ltr'>necessarium</span> <span class='ocrx_word' id='word_1_471' title='bbox 1513 2548 1568 2604; x_wconf 85' lang='grc' dir='ltr'>ιιι,</span> <span class='ocrx_word' id='word_1_472' title='bbox 1586 2550 1613 2590; x_wconf 93' lang='lat' dir='ltr'>ut</span> <span class='ocrx_word' id='word_1_473' title='bbox 1632 2539 1761 2610; x_wconf 91' lang='lat' dir='ltr'>princeps</span> <span class='ocrx_word' id='word_1_474' title='bbox 1774 2559 1830 2595; x_wconf 76' lang='lat' dir='ltr'>sus·</span> 
     </span>
     <span class='ocr_line' id='line_1_60' title="bbox 1014 2618 1842 2695; baseline 0.013 -24"><span class='ocrx_word' id='word_1_475' title='bbox 1014 2623 1151 2692; x_wconf 83' lang='lat' dir='ltr'>simoprre</span> <span class='ocrx_word' id='word_1_476' title='bbox 1179 2631 1289 2688; x_wconf 86' lang='lat' dir='ltr'>careat,</span> <span class='ocrx_word' id='word_1_477' title='bbox 1320 2639 1354 2675; x_wconf 88' lang='lat' dir='ltr'>ne</span> <span class='ocrx_word' id='word_1_478' title='bbox 1380 2618 1502 2674; x_wconf 82' lang='lat' dir='ltr'>cilicium</span> <span class='ocrx_word' id='word_1_479' title='bbox 1535 2623 1653 2688; x_wconf 78' lang='lat' dir='ltr'>iudicum</span> <span class='ocrx_word' id='word_1_480' title='bbox 1677 2625 1842 2695; x_wconf 76' lang='lat' dir='ltr'>cuicunque</span> 
     </span>
     <span class='ocr_line' id='line_1_61' title="bbox 1013 2706 1842 2778; baseline 0.007 -20"><span class='ocrx_word' id='word_1_481' title='bbox 1013 2707 1177 2770; x_wconf 87' lang='lat' dir='ltr'>committet,</span> <span class='ocrx_word' id='word_1_482' title='bbox 1196 2706 1240 2760; x_wconf 86' lang='lat' dir='ltr'>sed</span> <span class='ocrx_word' id='word_1_483' title='bbox 1260 2707 1344 2777; x_wconf 86' lang='lat' dir='ltr'>potius</span> <span class='ocrx_word' id='word_1_484' title='bbox 1362 2706 1451 2771; x_wconf 85' lang='lat' dir='ltr'>siros,</span> <span class='ocrx_word' id='word_1_485' title='bbox 1478 2706 1609 2776; x_wconf 86' lang='lat' dir='ltr'>probitate</span> <span class='ocrx_word' id='word_1_486' title='bbox 1636 2718 1714 2778; x_wconf 83' lang='lat' dir='ltr'>sique</span> <span class='ocrx_word' id='word_1_487' title='bbox 1742 2727 1842 2764; x_wconf 77' lang='lat' dir='ltr'>amose¹</span> 
     </span>
     <span class='ocr_line' id='line_1_62' title="bbox 1015 2787 1839 2860; baseline 0.007 -20"><span class='ocrx_word' id='word_1_488' title='bbox 1015 2790 1144 2854; x_wconf 80' lang='lat' dir='ltr'>iustitiae,</span> <span class='ocrx_word' id='word_1_489' title='bbox 1163 2806 1211 2844; x_wconf 89' lang='lat' dir='ltr'>nac</span> <span class='ocrx_word' id='word_1_490' title='bbox 1230 2807 1283 2842; x_wconf 91' lang='lat' dir='ltr'>uon</span> <span class='ocrx_word' id='word_1_491' title='bbox 1304 2791 1368 2841; x_wconf 89' lang='lat' dir='ltr'>odio</span> <span class='ocrx_word' id='word_1_492' title='bbox 1386 2791 1510 2842; x_wconf 79' lang='lat' dir='ltr'>avaritiae</span> <span class='ocrx_word' id='word_1_493' title='bbox 1527 2787 1697 2858; x_wconf 84' lang='lat' dir='ltr'>conspicuos,</span> <span class='ocrx_word' id='word_1_494' title='bbox 1723 2791 1839 2860; x_wconf 84' lang='lat' dir='ltr'>judiciis·</span> 
     </span>
     <span class='ocr_line' id='line_1_63' title="bbox 1013 2869 1839 2945; baseline 0.004 -20"><span class='ocrx_word' id='word_1_495' title='bbox 1013 2869 1157 2945; x_wconf 80' lang='lat' dir='ltr'>praeficere</span> <span class='ocrx_word' id='word_1_496' title='bbox 1173 2887 1295 2938; x_wconf 84' lang='lat' dir='ltr'>conetur,</span> <span class='ocrx_word' id='word_1_497' title='bbox 1314 2883 1392 2942; x_wconf 81' lang='lat' dir='ltr'>etque</span> <span class='ocrx_word' id='word_1_498' title='bbox 1410 2873 1458 2926; x_wconf 86' lang='lat' dir='ltr'>bns</span> <span class='ocrx_word' id='word_1_499' title='bbox 1476 2875 1604 2941; x_wconf 89' lang='lat' dir='ltr'>praemiis</span> <span class='ocrx_word' id='word_1_500' title='bbox 1622 2885 1719 2937; x_wconf 82' lang='lat' dir='ltr'>ornet,</span> <span class='ocrx_word' id='word_1_501' title='bbox 1745 2878 1839 2933; x_wconf 71' lang='lat' dir='ltr'>malos</span> 
     </span>
     <span class='ocr_line' id='line_1_64' title="bbox 1013 2955 1840 3027; baseline 0 -15"><span class='ocrx_word' id='word_1_502' title='bbox 1013 2974 1076 3012; x_wconf 89' lang='lat' dir='ltr'>rero</span> <span class='ocrx_word' id='word_1_503' title='bbox 1094 2957 1194 3022; x_wconf 80' lang='lat' dir='ltr'>iudices</span> <span class='ocrx_word' id='word_1_504' title='bbox 1213 2957 1305 3027; x_wconf 85' lang='lat' dir='ltr'>poeuis</span> <span class='ocrx_word' id='word_1_505' title='bbox 1324 2967 1456 3018; x_wconf 87' lang='lat' dir='ltr'>coerrcst,</span> <span class='ocrx_word' id='word_1_506' title='bbox 1475 2965 1533 3008; x_wconf 89' lang='lat' dir='ltr'>eta</span> <span class='ocrx_word' id='word_1_507' title='bbox 1557 2957 1665 3020; x_wconf 82' lang='lat' dir='ltr'>iudiciis</span> <span class='ocrx_word' id='word_1_508' title='bbox 1687 2955 1840 3026; x_wconf 84' lang='lat' dir='ltr'>prudentes·</span> 
     </span>
    </p>
   </div>
   <div class='ocr_carea' id='block_1_14' title="bbox 137 3038 1841 3365">
    <p class='ocr_par' dir='ltr' id='par_1_15' title="bbox 137 3038 1841 3365">
     <span class='ocr_line' id='line_1_65' title="bbox 137 3038 1841 3116; baseline 0.001 -20"><span class='ocrx_word' id='word_1_509' title='bbox 137 3063 162 3116; x_wconf 82' lang='lat' dir='ltr'>¹u</span> <span class='ocrx_word' id='word_1_510' title='bbox 181 3053 242 3099; x_wconf 90' lang='lat' dir='ltr'>ante</span> <span class='ocrx_word' id='word_1_511' title='bbox 262 3045 330 3098; x_wconf 86' lang='lat' dir='ltr'>illud</span> <span class='ocrx_word' id='word_1_512' title='bbox 349 3044 457 3099; x_wconf 89' lang='lat' dir='ltr'>stabitis</span> <span class='ocrx_word' id='word_1_513' title='bbox 475 3043 611 3096; x_wconf 82' lang='lat' dir='ltr'>mortales.</span> <span class='ocrx_word' id='word_1_514' title='bbox 629 3040 701 3111; x_wconf 83' lang='lat' dir='ltr'>Quid</span> <span class='ocrx_word' id='word_1_515' title='bbox 721 3038 787 3092; x_wconf 80' lang='lat' dir='ltr'>lslso</span> <span class='ocrx_word' id='word_1_516' title='bbox 804 3040 900 3102; x_wconf 89' lang='lat' dir='ltr'>corio,</span> <span class='ocrx_word' id='word_1_517' title='bbox 923 3040 961 3105; x_wconf 85' lang='lat' dir='ltr'>jn·</span> <span class='ocrx_word' id='word_1_518' title='bbox 1012 3053 1087 3112; x_wconf 84' lang='lat' dir='ltr'>atque</span> <span class='ocrx_word' id='word_1_519' title='bbox 1106 3054 1253 3111; x_wconf 85' lang='lat' dir='ltr'>opportune</span> <span class='ocrx_word' id='word_1_520' title='bbox 1272 3049 1413 3096; x_wconf 87' lang='lat' dir='ltr'>remorest.</span> <span class='ocrx_word' id='word_1_521' title='bbox 1443 3039 1488 3110; x_wconf 81' lang='lat'>(³)</span> <span class='ocrx_word' id='word_1_522' title='bbox 1517 3040 1657 3096; x_wconf 65' lang='lat' dir='ltr'>iudicibus</span> <span class='ocrx_word' id='word_1_523' title='bbox 1682 3042 1732 3095; x_wconf 87' lang='lat' dir='ltr'>lroc</span> <span class='ocrx_word' id='word_1_524' title='bbox 1751 3044 1841 3098; x_wconf 90' lang='lat' dir='ltr'>modo·</span> 
     </span>
     <span class='ocr_line' id='line_1_66' title="bbox 142 3121 1841 3199; baseline -0.001 -21"><span class='ocrx_word' id='word_1_525' title='bbox 142 3150 157 3178; x_wconf 82' lang='lat' dir='ltr'>a</span> <span class='ocrx_word' id='word_1_526' title='bbox 176 3129 245 3184; x_wconf 89' lang='lat' dir='ltr'>dicia</span> <span class='ocrx_word' id='word_1_527' title='bbox 263 3131 342 3184; x_wconf 88' lang='lat' dir='ltr'>sellae</span> <span class='ocrx_word' id='word_1_528' title='bbox 361 3131 516 3199; x_wconf 80' lang='lat' dir='ltr'>judiciuriaa</span> <span class='ocrx_word' id='word_1_529' title='bbox 534 3131 681 3197; x_wconf 86' lang='lat' dir='ltr'>impresso,</span> <span class='ocrx_word' id='word_1_530' title='bbox 700 3126 882 3180; x_wconf 84' lang='lat' dir='ltr'>admonitione</span> <span class='ocrx_word' id='word_1_531' title='bbox 910 3129 963 3195; x_wconf 86' lang='lat' dir='ltr'>jos·</span> <span class='ocrx_word' id='word_1_532' title='bbox 1011 3126 1165 3178; x_wconf 88' lang='lat' dir='ltr'>constitutis</span> <span class='ocrx_word' id='word_1_533' title='bbox 1177 3124 1365 3192; x_wconf 69' lang='lat' dir='ltr'>iniungendum</span> <span class='ocrx_word' id='word_1_534' title='bbox 1380 3121 1449 3178; x_wconf 84' lang='lat' dir='ltr'>serio</span> <span class='ocrx_word' id='word_1_535' title='bbox 1462 3122 1544 3186; x_wconf 81' lang='lat' dir='ltr'>iuret,</span> <span class='ocrx_word' id='word_1_536' title='bbox 1558 3133 1604 3188; x_wconf 89' lang='lat' dir='ltr'>ut,</span> <span class='ocrx_word' id='word_1_537' title='bbox 1618 3125 1732 3192; x_wconf 68' lang='lat' dir='ltr'>neglecte</span> <span class='ocrx_word' id='word_1_538' title='bbox 1746 3125 1841 3190; x_wconf 69' lang='lat' dir='ltr'>omui,</span> 
     </span>
     <span class='ocr_line' id='line_1_67' title="bbox 142 3205 1830 3283; baseline -0.002 -17"><span class='ocrx_word' id='word_1_539' title='bbox 142 3233 159 3259; x_wconf 75' lang='grc' dir='ltr'><strong><em>α</em></strong></span> <span class='ocrx_word' id='word_1_540' title='bbox 180 3213 255 3266; x_wconf 85' lang='lat' dir='ltr'>titire</span> <span class='ocrx_word' id='word_1_541' title='bbox 274 3231 339 3283; x_wconf 87' lang='lat' dir='ltr'>opus</span> <span class='ocrx_word' id='word_1_542' title='bbox 358 3213 419 3268; x_wconf 85' lang='lat' dir='ltr'>esti</span> <span class='ocrx_word' id='word_1_543' title='bbox 438 3215 475 3268; x_wconf 82' lang='lat' dir='ltr'>Ea</span> <span class='ocrx_word' id='word_1_544' title='bbox 494 3215 522 3266; x_wconf 90' lang='lat' dir='ltr'>in</span> <span class='ocrx_word' id='word_1_545' title='bbox 542 3213 604 3266; x_wconf 84' lang='lat' dir='ltr'>sella</span> <span class='ocrx_word' id='word_1_546' title='bbox 622 3211 744 3282; x_wconf 86' lang='lat' dir='ltr'>quisquis</span> <span class='ocrx_word' id='word_1_547' title='bbox 775 3211 892 3278; x_wconf 85' lang='lat' dir='ltr'>judicum</span> <span class='ocrx_word' id='word_1_548' title='bbox 924 3228 962 3264; x_wconf 90' lang='lat' dir='ltr'>se·</span> <span class='ocrx_word' id='word_1_549' title='bbox 1010 3227 1087 3276; x_wconf 80' lang='lat' dir='ltr'>quum</span> <span class='ocrx_word' id='word_1_550' title='bbox 1106 3205 1431 3262; x_wconf 86' lang='lat' dir='ltr'>caussedillicultasnon</span> <span class='ocrx_word' id='word_1_551' title='bbox 1450 3207 1553 3275; x_wconf 86' lang='lat' dir='ltr'>poscit,</span> <span class='ocrx_word' id='word_1_552' title='bbox 1572 3207 1750 3276; x_wconf 80' lang='lat' dir='ltr'>prolixitate.</span> <span class='ocrx_word' id='word_1_553' title='bbox 1771 3209 1830 3262; x_wconf 86' lang='lat' dir='ltr'>bre·</span> 
     </span>
     <span class='ocr_line' id='line_1_68' title="bbox 142 3289 1839 3365; baseline -0.005 -17"><span class='ocrx_word' id='word_1_554' title='bbox 142 3314 157 3340; x_wconf 75' lang='grc' dir='ltr'>ι</span> <span class='ocrx_word' id='word_1_555' title='bbox 178 3295 239 3358; x_wconf 91' lang='lat' dir='ltr'>det,</span> <span class='ocrx_word' id='word_1_556' title='bbox 259 3293 319 3359; x_wconf 85' lang='lat' dir='ltr'>ulsi,</span> <span class='ocrx_word' id='word_1_557' title='bbox 338 3296 360 3347; x_wconf 93' lang='lat' dir='ltr'>si</span> <span class='ocrx_word' id='word_1_558' title='bbox 381 3295 480 3365; x_wconf 84' lang='lat' dir='ltr'>injuste</span> <span class='ocrx_word' id='word_1_559' title='bbox 497 3294 676 3363; x_wconf 84' lang='lat' dir='ltr'>iudicabitur,</span> <span class='ocrx_word' id='word_1_560' title='bbox 698 3308 745 3346; x_wconf 87' lang='lat' dir='ltr'>nec</span> <span class='ocrx_word' id='word_1_561' title='bbox 763 3293 896 3364; x_wconf 85' lang='lat' dir='ltr'>pecunia,</span> <span class='ocrx_word' id='word_1_562' title='bbox 915 3309 962 3346; x_wconf 84' lang='lat' dir='ltr'>nec</span> <span class='ocrx_word' id='word_1_563' title='bbox 1012 3291 1145 3344; x_wconf 85' lang='lat' dir='ltr'>sissimam</span> <span class='ocrx_word' id='word_1_564' title='bbox 1165 3290 1363 3359; x_wconf 74' lang='lat' dir='ltr'>dirigendarum</span> <span class='ocrx_word' id='word_1_565' title='bbox 1383 3289 1472 3341; x_wconf 88' lang='lat' dir='ltr'>litium</span> <span class='ocrx_word' id='word_1_566' title='bbox 1492 3289 1566 3343; x_wconf 88' lang='lat' dir='ltr'>aiam·</span> <span class='ocrx_word' id='word_1_567' title='bbox 1592 3289 1661 3342; x_wconf 83' lang='lat' dir='ltr'>circa</span> <span class='ocrx_word' id='word_1_568' title='bbox 1693 3306 1839 3360; x_wconf 64' lang='lat' dir='ltr'>processus</span> 
     </span>
    </p>
   </div>
   <div class='ocr_carea' id='block_1_15' title="bbox 143 3375 1839 3448">
    <p class='ocr_par' dir='ltr' id='par_1_16' title="bbox 143 3375 1839 3448">
     <span class='ocr_line' id='line_1_69' title="bbox 143 3375 1839 3448; baseline 0.001 -19"><span class='ocrx_word' id='word_1_569' title='bbox 143 3396 162 3421; x_wconf 73' lang='grc' dir='ltr'>α.</span> <span class='ocrx_word' id='word_1_570' title='bbox 176 3377 280 3445; x_wconf 73' lang='lat' dir='ltr'>pratia,</span> <span class='ocrx_word' id='word_1_571' title='bbox 298 3394 348 3430; x_wconf 90' lang='lat' dir='ltr'>uec</span> <span class='ocrx_word' id='word_1_572' title='bbox 367 3377 427 3432; x_wconf 84' lang='lat' dir='ltr'>laist</span> <span class='ocrx_word' id='word_1_573' title='bbox 449 3389 555 3444; x_wconf 77' lang='lat' dir='ltr'>testes,</span> <span class='ocrx_word' id='word_1_574' title='bbox 569 3396 618 3432; x_wconf 87' lang='lat' dir='ltr'>nec</span> <span class='ocrx_word' id='word_1_575' title='bbox 638 3377 762 3446; x_wconf 68' lang='lat' dir='ltr'>indiguae</span> <span class='ocrx_word' id='word_1_576' title='bbox 781 3392 902 3448; x_wconf 86' lang='lat' dir='ltr'>praeces,</span> <span class='ocrx_word' id='word_1_577' title='bbox 916 3394 962 3430; x_wconf 88' lang='lat' dir='ltr'>uec</span> <span class='ocrx_word' id='word_1_578' title='bbox 1012 3378 1156 3447; x_wconf 72' lang='lat' dir='ltr'>eligerent,</span> <span class='ocrx_word' id='word_1_579' title='bbox 1174 3393 1225 3445; x_wconf 91' lang='lat' dir='ltr'>qno</span> <span class='ocrx_word' id='word_1_580' title='bbox 1245 3375 1322 3430; x_wconf 85' lang='lat' dir='ltr'>laesis</span> <span class='ocrx_word' id='word_1_581' title='bbox 1341 3377 1398 3441; x_wconf 77' lang='lat' dir='ltr'>iura</span> <span class='ocrx_word' id='word_1_582' title='bbox 1415 3391 1461 3428; x_wconf 91' lang='lat' dir='ltr'>sna</span> <span class='ocrx_word' id='word_1_583' title='bbox 1478 3377 1546 3428; x_wconf 90' lang='lat' dir='ltr'>citra</span> <span class='ocrx_word' id='word_1_584' title='bbox 1564 3375 1704 3444; x_wconf 75' lang='lat' dir='ltr'>ambsgcs,</span> <span class='ocrx_word' id='word_1_585' title='bbox 1731 3387 1839 3431; x_wconf 81' lang='lat' dir='ltr'>cerreta·</span> 
     </span>
    </p>
   </div>
   <div class='ocr_carea' id='block_1_16' title="bbox 19 3458 1831 3531">
    <p class='ocr_par' dir='ltr' id='par_1_17' title="bbox 19 3458 1831 3531">
     <span class='ocr_line' id='line_1_70' title="bbox 19 3458 1831 3531; baseline -0.004 -13"><span class='ocrx_word' id='word_1_586' title='bbox 19 3465 34 3518; x_wconf 85' lang='grc' dir='ltr'>ι’</span> <span class='ocrx_word' id='word_1_587' title='bbox 144 3479 160 3508; x_wconf 82' lang='lat' dir='ltr'>a</span> <span class='ocrx_word' id='word_1_588' title='bbox 180 3459 270 3514; x_wconf 83' lang='lat' dir='ltr'>inesses</span> <span class='ocrx_word' id='word_1_589' title='bbox 288 3464 376 3517; x_wconf 88' lang='lat' dir='ltr'>minse</span> <span class='ocrx_word' id='word_1_590' title='bbox 396 3479 446 3516; x_wconf 88' lang='lat' dir='ltr'>uec</span> <span class='ocrx_word' id='word_1_591' title='bbox 464 3462 560 3516; x_wconf 88' lang='lat' dir='ltr'>diserti</span> <span class='ocrx_word' id='word_1_592' title='bbox 578 3462 725 3531; x_wconf 90' lang='lat' dir='ltr'>proderunt</span> <span class='ocrx_word' id='word_1_593' title='bbox 744 3462 857 3531; x_wconf 89' lang='lat' dir='ltr'>patroni.</span> <span class='ocrx_word' id='word_1_594' title='bbox 883 3461 959 3530; x_wconf 81' lang='lat' dir='ltr'>Quod</span> <span class='ocrx_word' id='word_1_595' title='bbox 1012 3469 1099 3516; x_wconf 88' lang='lat' dir='ltr'>tamen</span> <span class='ocrx_word' id='word_1_596' title='bbox 1118 3469 1205 3514; x_wconf 89' lang='lat' dir='ltr'>sancte</span> <span class='ocrx_word' id='word_1_597' title='bbox 1223 3459 1335 3527; x_wconf 84' lang='lat' dir='ltr'>justitia,</span> <span class='ocrx_word' id='word_1_598' title='bbox 1355 3458 1569 3512; x_wconf 82' lang='lat' dir='ltr'>restituerentur.</span> <span class='ocrx_word' id='word_1_599' title='bbox 1590 3459 1661 3510; x_wconf 80' lang='lat' dir='ltr'>ilinc</span> <span class='ocrx_word' id='word_1_600' title='bbox 1686 3460 1782 3512; x_wconf 87' lang='lat' dir='ltr'>merito</span> <span class='ocrx_word' id='word_1_601' title='bbox 1800 3478 1831 3512; x_wconf 79' lang='lat' dir='ltr'>o·</span> 
     </span>
    </p>
   </div>
   <div class='ocr_carea' id='block_1_17' title="bbox 142 3541 1837 4032">
    <p class='ocr_par' dir='ltr' id='par_1_18' title="bbox 142 3541 1837 4032">
     <span class='ocr_line' id='line_1_71' title="bbox 145 3541 1837 3616; baseline 0 -20"><span class='ocrx_word' id='word_1_602' title='bbox 145 3565 160 3590; x_wconf 78' lang='grc' dir='ltr'><strong>α</strong></span> <span class='ocrx_word' id='word_1_603' title='bbox 180 3543 211 3598; x_wconf 89' lang='lat' dir='ltr'>de</span> <span class='ocrx_word' id='word_1_604' title='bbox 230 3549 303 3600; x_wconf 86' lang='lat' dir='ltr'>corio</span> <span class='ocrx_word' id='word_1_605' title='bbox 322 3547 438 3612; x_wconf 73' lang='lat' dir='ltr'>iudicis,</span> <span class='ocrx_word' id='word_1_606' title='bbox 466 3548 544 3600; x_wconf 82' lang='lat' dir='ltr'>sellae</span> <span class='ocrx_word' id='word_1_607' title='bbox 575 3547 724 3616; x_wconf 79' lang='lat' dir='ltr'>impresso,</span> <span class='ocrx_word' id='word_1_608' title='bbox 754 3554 898 3608; x_wconf 84' lang='lat' dir='ltr'>memorat,</span> <span class='ocrx_word' id='word_1_609' title='bbox 929 3543 960 3596; x_wconf 90' lang='lat' dir='ltr'>sd</span> <span class='ocrx_word' id='word_1_610' title='bbox 1011 3559 1087 3596; x_wconf 85' lang='lat' dir='ltr'>usses</span> <span class='ocrx_word' id='word_1_611' title='bbox 1105 3556 1242 3611; x_wconf 85' lang='lat' dir='ltr'>processus</span> <span class='ocrx_word' id='word_1_612' title='bbox 1259 3541 1387 3592; x_wconf 85' lang='lat' dir='ltr'>deberent</span> <span class='ocrx_word' id='word_1_613' title='bbox 1406 3557 1463 3594; x_wconf 90' lang='lat' dir='ltr'>esse</span> <span class='ocrx_word' id='word_1_614' title='bbox 1492 3541 1650 3608; x_wconf 82' lang='lat' dir='ltr'>sunsmsrii,</span> <span class='ocrx_word' id='word_1_615' title='bbox 1683 3541 1837 3597; x_wconf 76' lang='lat' dir='ltr'>obseruatis-</span> 
     </span>
     <span class='ocr_line' id='line_1_72' title="bbox 142 3623 1832 3700; baseline -0.001 -20"><span class='ocrx_word' id='word_1_616' title='bbox 142 3648 157 3674; x_wconf 78' lang='lat'><strong>«</strong></span> <span class='ocrx_word' id='word_1_617' title='bbox 178 3625 347 3700; x_wconf 77' lang='lat' dir='ltr'>Cambysen,</span> <span class='ocrx_word' id='word_1_618' title='bbox 368 3631 506 3684; x_wconf 71' lang='lat' dir='ltr'>Persarum</span> <span class='ocrx_word' id='word_1_619' title='bbox 523 3647 627 3700; x_wconf 79' lang='lat' dir='ltr'>regem,</span> <span class='ocrx_word' id='word_1_620' title='bbox 647 3626 815 3683; x_wconf 75' lang='lat' dir='ltr'>serenatum</span> <span class='ocrx_word' id='word_1_621' title='bbox 841 3636 898 3688; x_wconf 87' lang='grc' dir='ltr'>ιιι,</span> <span class='ocrx_word' id='word_1_622' title='bbox 914 3627 958 3695; x_wconf 87' lang='lat' dir='ltr'>qui</span> <span class='ocrx_word' id='word_1_623' title='bbox 1011 3626 1096 3679; x_wconf 88' lang='lat' dir='ltr'>solum</span> <span class='ocrx_word' id='word_1_624' title='bbox 1116 3623 1329 3678; x_wconf 86' lang='lat' dir='ltr'>solemnitatibus</span> <span class='ocrx_word' id='word_1_625' title='bbox 1346 3623 1413 3692; x_wconf 83' lang='lat' dir='ltr'>juris</span> <span class='ocrx_word' id='word_1_626' title='bbox 1431 3625 1566 3694; x_wconf 68' lang='lat' dir='ltr'>gentium:</span> <span class='ocrx_word' id='word_1_627' title='bbox 1585 3641 1644 3678; x_wconf 88' lang='lat' dir='ltr'>eom</span> <span class='ocrx_word' id='word_1_628' title='bbox 1665 3627 1738 3678; x_wconf 87' lang='lat' dir='ltr'>enim</span> <span class='ocrx_word' id='word_1_629' title='bbox 1763 3625 1832 3679; x_wconf 77' lang='lat' dir='ltr'>muli</span> 
     </span>
     <span class='ocr_line' id='line_1_73' title="bbox 142 3704 1829 3784; baseline -0.001 -18"><span class='ocrx_word' id='word_1_630' title='bbox 142 3730 157 3757; x_wconf 70' lang='grc' dir='ltr'>ι</span> <span class='ocrx_word' id='word_1_631' title='bbox 176 3709 288 3780; x_wconf 86' lang='lat' dir='ltr'>judicem</span> <span class='ocrx_word' id='word_1_632' title='bbox 308 3713 400 3784; x_wconf 89' lang='lat' dir='ltr'>inique</span> <span class='ocrx_word' id='word_1_633' title='bbox 412 3714 572 3780; x_wconf 82' lang='lat' dir='ltr'>judicantem</span> <span class='ocrx_word' id='word_1_634' title='bbox 587 3712 850 3779; x_wconf 78' lang='lat' dir='ltr'>excoriari,ejusque</span> <span class='ocrx_word' id='word_1_635' title='bbox 863 3711 959 3778; x_wconf 90' lang='lat' dir='ltr'>pellem</span> <span class='ocrx_word' id='word_1_636' title='bbox 1012 3717 1053 3759; x_wconf 88' lang='lat' dir='ltr'>tac</span> <span class='ocrx_word' id='word_1_637' title='bbox 1070 3723 1160 3759; x_wconf 86' lang='lat' dir='ltr'>causae</span> <span class='ocrx_word' id='word_1_638' title='bbox 1175 3704 1362 3774; x_wconf 74' lang='lat' dir='ltr'>pravissimae,</span> <span class='ocrx_word' id='word_1_639' title='bbox 1381 3713 1409 3756; x_wconf 92' lang='lat' dir='ltr'>ut</span> <span class='ocrx_word' id='word_1_640' title='bbox 1427 3707 1620 3760; x_wconf 89' lang='lat' dir='ltr'>consistoriales</span> <span class='ocrx_word' id='word_1_641' title='bbox 1650 3719 1675 3762; x_wconf 89' lang='lat' dir='ltr'>et</span> <span class='ocrx_word' id='word_1_642' title='bbox 1695 3707 1829 3764; x_wconf 88' lang='lat' dir='ltr'>academi-</span> 
     </span>
     <span class='ocr_line' id='line_1_74' title="bbox 143 3788 1837 3864; baseline 0.001 -18"><span class='ocrx_word' id='word_1_643' title='bbox 143 3814 159 3841; x_wconf 77' lang='lat' dir='ltr'>a</span> <span class='ocrx_word' id='word_1_644' title='bbox 177 3794 209 3847; x_wconf 90' lang='lat' dir='ltr'>ad</span> <span class='ocrx_word' id='word_1_645' title='bbox 228 3797 344 3850; x_wconf 81' lang='lat' dir='ltr'>eliorum·</span> <span class='ocrx_word' id='word_1_646' title='bbox 360 3807 487 3852; x_wconf 89' lang='lat' dir='ltr'>terrorem</span> <span class='ocrx_word' id='word_1_647' title='bbox 506 3799 563 3852; x_wconf 88' lang='lat' dir='ltr'>aedi</span> <span class='ocrx_word' id='word_1_648' title='bbox 584 3797 726 3853; x_wconf 86' lang='lat' dir='ltr'>tribunatia</span> <span class='ocrx_word' id='word_1_649' title='bbox 751 3792 827 3864; x_wconf 70' lang='lat' dir='ltr'>sttrgs</span> <span class='ocrx_word' id='word_1_650' title='bbox 853 3793 925 3846; x_wconf 85' lang='lat' dir='ltr'>iecit.</span> <span class='ocrx_word' id='word_1_651' title='bbox 944 3815 958 3842; x_wconf 84' lang='lat' dir='ltr'>a</span> <span class='ocrx_word' id='word_1_652' title='bbox 1011 3806 1068 3854; x_wconf 84' lang='lat' dir='ltr'>cae,</span> <span class='ocrx_word' id='word_1_653' title='bbox 1088 3789 1155 3840; x_wconf 84' lang='lat' dir='ltr'>astra</span> <span class='ocrx_word' id='word_1_654' title='bbox 1173 3788 1277 3854; x_wconf 85' lang='lat' dir='ltr'>justitia</span> <span class='ocrx_word' id='word_1_655' title='bbox 1295 3788 1332 3840; x_wconf 84' lang='lat' dir='ltr'>its</span> <span class='ocrx_word' id='word_1_656' title='bbox 1351 3788 1473 3858; x_wconf 71' lang='lat' dir='ltr'>expediri</span> <span class='ocrx_word' id='word_1_657' title='bbox 1492 3791 1618 3858; x_wconf 68' lang='lat' dir='ltr'>posunt,-</span> <span class='ocrx_word' id='word_1_658' title='bbox 1642 3809 1694 3846; x_wconf 86' lang='lat' dir='ltr'>cnr</span> <span class='ocrx_word' id='word_1_659' title='bbox 1719 3810 1773 3846; x_wconf 91' lang='lat' dir='ltr'>non</span> <span class='ocrx_word' id='word_1_660' title='bbox 1804 3803 1837 3848; x_wconf 82' lang='lat' dir='ltr'>et‘</span> 
     </span>
     <span class='ocr_line' id='line_1_75' title="bbox 143 3869 1836 3948; baseline -0.002 -16"><span class='ocrx_word' id='word_1_661' title='bbox 143 3877 208 3932; x_wconf 77' lang='lat' dir='ltr'>Viti.</span> <span class='ocrx_word' id='word_1_662' title='bbox 226 3881 340 3936; x_wconf 87' lang='lat' dir='ltr'>Diodor.</span> <span class='ocrx_word' id='word_1_663' title='bbox 358 3883 441 3936; x_wconf 84' lang='lat' dir='ltr'>Sicul.</span> <span class='ocrx_word' id='word_1_664' title='bbox 457 3882 505 3936; x_wconf 80' lang='lat' dir='ltr'>lib.</span> <span class='ocrx_word' id='word_1_665' title='bbox 522 3882 566 3935; x_wconf 79' lang='lat' dir='ltr'>ld.</span> <span class='ocrx_word' id='word_1_666' title='bbox 585 3881 648 3936; x_wconf 76' lang='lat' dir='ltr'>titt.</span> <span class='ocrx_word' id='word_1_667' title='bbox 664 3898 724 3948; x_wconf 83' lang='lat' dir='ltr'>cop.</span> <span class='ocrx_word' id='word_1_668' title='bbox 745 3880 789 3930; x_wconf 84' lang='lat' dir='ltr'>tu.</span> <span class='ocrx_word' id='word_1_669' title='bbox 821 3876 885 3930; x_wconf 75' lang='lat' dir='ltr'>Tau·</span> <span class='ocrx_word' id='word_1_670' title='bbox 900 3893 959 3931; x_wconf 84' lang='lat' dir='ltr'>cru·</span> <span class='ocrx_word' id='word_1_671' title='bbox 1011 3869 1097 3928; x_wconf 80' lang='lat' dir='ltr'>aliae?</span> <span class='ocrx_word' id='word_1_672' title='bbox 1115 3869 1341 3942; x_wconf 77' lang='lat' dir='ltr'>Quenstnntnn</span> <span class='ocrx_word' id='word_1_673' title='bbox 1361 3883 1444 3926; x_wconf 85' lang='lat' dir='ltr'>sutem</span> <span class='ocrx_word' id='word_1_674' title='bbox 1464 3872 1507 3943; x_wconf 80' lang='lat' dir='ltr'>(l)</span> <span class='ocrx_word' id='word_1_675' title='bbox 1524 3878 1670 3943; x_wconf 79' lang='lat' dir='ltr'>sportulae,</span> <span class='ocrx_word' id='word_1_676' title='bbox 1682 3885 1836 3940; x_wconf 70' lang='lat' dir='ltr'>utrccaut,</span> 
     </span>
     <span class='ocr_line' id='line_1_76' title="bbox 144 3951 1837 4032; baseline -0.001 -16"><span class='ocrx_word' id='word_1_677' title='bbox 144 3963 257 4018; x_wconf 77' lang='lat' dir='ltr'>delicate</span> <span class='ocrx_word' id='word_1_678' title='bbox 274 3983 412 4032; x_wconf 87' lang='lat' dir='ltr'>opusnon</span> <span class='ocrx_word' id='word_1_679' title='bbox 429 3981 504 4029; x_wconf 87' lang='lat' dir='ltr'>esse,</span> <span class='ocrx_word' id='word_1_680' title='bbox 521 3965 577 4027; x_wconf 85' lang='lat' dir='ltr'>cit,</span> <span class='ocrx_word' id='word_1_681' title='bbox 609 3962 754 4017; x_wconf 79' lang='lat' dir='ltr'>dmnmcdo</span> <span class='ocrx_word' id='word_1_682' title='bbox 779 3959 960 4030; x_wconf 76' lang='lat' dir='ltr'>uuusquisque</span> <span class='ocrx_word' id='word_1_683' title='bbox 1011 3955 1111 4027; x_wconf 85' lang='lat' dir='ltr'>pariter</span> <span class='ocrx_word' id='word_1_684' title='bbox 1130 3967 1205 4024; x_wconf 83' lang='lat' dir='ltr'>atque</span> <span class='ocrx_word' id='word_1_685' title='bbox 1223 3951 1379 4018; x_wconf 79' lang='lat' dir='ltr'>bonnuaria,</span> <span class='ocrx_word' id='word_1_686' title='bbox 1398 3965 1450 4007; x_wconf 93' lang='lat' dir='ltr'>tam</span> <span class='ocrx_word' id='word_1_687' title='bbox 1476 3957 1577 4024; x_wconf 85' lang='lat' dir='ltr'>judici,</span> <span class='ocrx_word' id='word_1_688' title='bbox 1608 3976 1685 4029; x_wconf 82' lang='lat' dir='ltr'>quam</span> <span class='ocrx_word' id='word_1_689' title='bbox 1708 3962 1837 4031; x_wconf 85' lang='lat' dir='ltr'>patronis·</span> 
     </span>
    </p>
   </div>
   <div class='ocr_carea' id='block_1_18' title="bbox 30 4037 1836 4120">
    <p class='ocr_par' dir='ltr' id='par_1_19' title="bbox 30 4037 1836 4120">
     <span class='ocr_line' id='line_1_77' title="bbox 30 4037 1836 4120; baseline -0.002 -20"><span class='ocrx_word' id='word_1_690' title='bbox 30 4057 32 4066; x_wconf 93' lang='lat'>&#39;</span> <span class='ocrx_word' id='word_1_691' title='bbox 141 4045 233 4120; x_wconf 68' lang='lat' dir='ltr'>judee</span> <span class='ocrx_word' id='word_1_692' title='bbox 251 4050 369 4114; x_wconf 76' lang='lat' dir='ltr'>supremi</span> <span class='ocrx_word' id='word_1_693' title='bbox 381 4048 480 4116; x_wconf 73' lang='lat' dir='ltr'>judecis</span> <span class='ocrx_word' id='word_1_694' title='bbox 494 4051 680 4118; x_wconf 78' lang='lat' dir='ltr'>praesentiam</span> <span class='ocrx_word' id='word_1_695' title='bbox 698 4041 866 4114; x_wconf 81' lang='lat' dir='ltr'>perpendat,</span> <span class='ocrx_word' id='word_1_696' title='bbox 890 4051 915 4093; x_wconf 87' lang='lat' dir='ltr'>et</span> <span class='ocrx_word' id='word_1_697' title='bbox 932 4055 961 4092; x_wconf 87' lang='lat' dir='ltr'>se</span> <span class='ocrx_word' id='word_1_698' title='bbox 1011 4057 1144 4092; x_wconf 87' lang='lat' dir='ltr'>canssrnm</span> <span class='ocrx_word' id='word_1_699' title='bbox 1163 4039 1318 4109; x_wconf 88' lang='lat' dir='ltr'>apartibus</span> <span class='ocrx_word' id='word_1_700' title='bbox 1336 4037 1510 4107; x_wconf 73' lang='lat' dir='ltr'>litigentibus</span> <span class='ocrx_word' id='word_1_701' title='bbox 1524 4041 1654 4107; x_wconf 77' lang='lat' dir='ltr'>solventis,</span> <span class='ocrx_word' id='word_1_702' title='bbox 1669 4061 1721 4096; x_wconf 90' lang='lat' dir='ltr'>nou</span> <span class='ocrx_word' id='word_1_703' title='bbox 1736 4059 1836 4113; x_wconf 84' lang='lat' dir='ltr'>patum·</span> 
     </span>
    </p>
   </div>
   <div class='ocr_carea' id='block_1_19' title="bbox 138 4122 1835 4786">
    <p class='ocr_par' dir='ltr' id='par_1_20' title="bbox 138 4122 1835 4454">
     <span class='ocr_line' id='line_1_78' title="bbox 142 4122 1827 4200; baseline -0.001 -20"><span class='ocrx_word' id='word_1_704' title='bbox 142 4127 238 4182; x_wconf 81' lang='lat' dir='ltr'>eodem</span> <span class='ocrx_word' id='word_1_705' title='bbox 257 4141 397 4183; x_wconf 86' lang='lat' dir='ltr'>momento</span> <span class='ocrx_word' id='word_1_706' title='bbox 426 4129 548 4200; x_wconf 74' lang='lat' dir='ltr'>J&#39;tsds&#39;cors‘</span> <span class='ocrx_word' id='word_1_707' title='bbox 573 4146 730 4200; x_wconf 84' lang='lat' dir='ltr'>persuasum</span> <span class='ocrx_word' id='word_1_708' title='bbox 760 4125 867 4180; x_wconf 78' lang='lat' dir='ltr'>hubent.</span> <span class='ocrx_word' id='word_1_709' title='bbox 886 4124 960 4193; x_wconf 86' lang='lat' dir='ltr'>Quae</span> <span class='ocrx_word' id='word_1_710' title='bbox 1010 4138 1175 4193; x_wconf 83' lang='lat' dir='ltr'>processuum</span> <span class='ocrx_word' id='word_1_711' title='bbox 1195 4122 1372 4191; x_wconf 80' lang='lat' dir='ltr'>prolixitstem</span> <span class='ocrx_word' id='word_1_712' title='bbox 1391 4122 1464 4173; x_wconf 89' lang='lat' dir='ltr'>alunt</span> <span class='ocrx_word' id='word_1_713' title='bbox 1482 4125 1694 4193; x_wconf 68' lang='lat' dir='ltr'>asspentqnesita</span> <span class='ocrx_word' id='word_1_714' title='bbox 1713 4125 1827 4179; x_wconf 71' lang='lat' dir='ltr'>sinodo«</span> 
     </span>
     <span class='ocr_line' id='line_1_79' title="bbox 138 4204 1823 4282; baseline 0.001 -20"><span class='ocrx_word' id='word_1_715' title='bbox 138 4211 264 4282; x_wconf 78' lang='lat' dir='ltr'>quitiam,</span> <span class='ocrx_word' id='word_1_716' title='bbox 284 4215 419 4268; x_wconf 89' lang='lat' dir='ltr'>nonnullis</span> <span class='ocrx_word' id='word_1_717' title='bbox 438 4217 566 4281; x_wconf 90' lang='lat' dir='ltr'>mutatis,</span> <span class='ocrx_word' id='word_1_718' title='bbox 585 4217 614 4269; x_wconf 91' lang='lat' dir='ltr'>in</span> <span class='ocrx_word' id='word_1_719' title='bbox 633 4214 766 4267; x_wconf 88' lang='lat' dir='ltr'>adrocstos</span> <span class='ocrx_word' id='word_1_720' title='bbox 784 4211 861 4264; x_wconf 90' lang='lat' dir='ltr'>etiam</span> <span class='ocrx_word' id='word_1_721' title='bbox 884 4207 958 4260; x_wconf 86' lang='lat' dir='ltr'>miri·</span> <span class='ocrx_word' id='word_1_722' title='bbox 1012 4207 1056 4259; x_wconf 90' lang='lat' dir='ltr'>bio</span> <span class='ocrx_word' id='word_1_723' title='bbox 1073 4205 1153 4258; x_wconf 86' lang='lat' dir='ltr'>etism</span> <span class='ocrx_word' id='word_1_724' title='bbox 1173 4206 1235 4258; x_wconf 82' lang='lat' dir='ltr'>boec</span> <span class='ocrx_word' id='word_1_725' title='bbox 1254 4204 1405 4272; x_wconf 86' lang='lat' dir='ltr'>iniquitatis</span> <span class='ocrx_word' id='word_1_726' title='bbox 1424 4204 1583 4260; x_wconf 86' lang='lat' dir='ltr'>alimentsa</span> <span class='ocrx_word' id='word_1_727' title='bbox 1610 4209 1730 4278; x_wconf 85' lang='lat' dir='ltr'>principe</span> <span class='ocrx_word' id='word_1_728' title='bbox 1760 4209 1823 4263; x_wconf 83' lang='lat' dir='ltr'>sub·</span> 
     </span>
     <span class='ocr_line' id='line_1_80' title="bbox 142 4285 1835 4368; baseline 0.001 -26"><span class='ocrx_word' id='word_1_729' title='bbox 142 4293 193 4350; x_wconf 65' lang='lat' dir='ltr'>fiee</span> <span class='ocrx_word' id='word_1_730' title='bbox 210 4298 337 4368; x_wconf 66' lang='lat' dir='ltr'>qusadme</span> <span class='ocrx_word' id='word_1_731' title='bbox 348 4337 363 4365; x_wconf 89' lang='lat'>,.</span> <span class='ocrx_word' id='word_1_732' title='bbox 374 4297 489 4368; x_wconf 86' lang='lat' dir='ltr'>adeoque</span> <span class='ocrx_word' id='word_1_733' title='bbox 506 4297 588 4352; x_wconf 89' lang='lat' dir='ltr'>etiarn</span> <span class='ocrx_word' id='word_1_734' title='bbox 608 4297 674 4350; x_wconf 86' lang='lat' dir='ltr'>citrs</span> <span class='ocrx_word' id='word_1_735' title='bbox 688 4292 887 4346; x_wconf 82' lang='lat' dir='ltr'>haesitationem</span> <span class='ocrx_word' id='word_1_736' title='bbox 907 4287 957 4340; x_wconf 91' lang='lat' dir='ltr'>eis·</span> <span class='ocrx_word' id='word_1_737' title='bbox 1010 4285 1135 4341; x_wconf 81' lang='lat' dir='ltr'>morensis</span> <span class='ocrx_word' id='word_1_738' title='bbox 1154 4295 1223 4338; x_wconf 92' lang='lat' dir='ltr'>sunt.</span> <span class='ocrx_word' id='word_1_739' title='bbox 1244 4285 1322 4356; x_wconf 84' lang='lat' dir='ltr'>Quod</span> <span class='ocrx_word' id='word_1_740' title='bbox 1342 4286 1462 4336; x_wconf 87' lang='lat' dir='ltr'>omnium</span> <span class='ocrx_word' id='word_1_741' title='bbox 1481 4289 1584 4356; x_wconf 86' lang='lat' dir='ltr'>optime</span> <span class='ocrx_word' id='word_1_742' title='bbox 1602 4289 1637 4340; x_wconf 86' lang='lat' dir='ltr'>its</span> <span class='ocrx_word' id='word_1_743' title='bbox 1663 4285 1721 4342; x_wconf 84' lang='lat' dir='ltr'>lieri</span> <span class='ocrx_word' id='word_1_744' title='bbox 1749 4305 1835 4361; x_wconf 74' lang='lat' dir='ltr'>posse·</span> 
     </span>
     <span class='ocr_line' id='line_1_81' title="bbox 141 4365 1823 4454; baseline 0.001 -20"><span class='ocrx_word' id='word_1_745' title='bbox 141 4381 201 4436; x_wconf 84' lang='lat' dir='ltr'>elem</span> <span class='ocrx_word' id='word_1_746' title='bbox 219 4383 346 4453; x_wconf 88' lang='lat' dir='ltr'>applicari</span> <span class='ocrx_word' id='word_1_747' title='bbox 366 4400 458 4454; x_wconf 85' lang='lat' dir='ltr'>posse,</span> <span class='ocrx_word' id='word_1_748' title='bbox 476 4383 589 4452; x_wconf 88' lang='lat' dir='ltr'>quilibet</span> <span class='ocrx_word' id='word_1_749' title='bbox 605 4381 690 4435; x_wconf 90' lang='lat' dir='ltr'>bouus</span> <span class='ocrx_word' id='word_1_750' title='bbox 708 4376 787 4431; x_wconf 82' lang='lat' dir='ltr'>laeite</span> <span class='ocrx_word' id='word_1_751' title='bbox 799 4372 935 4428; x_wconf 77' lang='lat' dir='ltr'>concedat.</span> <span class='ocrx_word' id='word_1_752' title='bbox 1009 4370 1126 4425; x_wconf 72' lang='lat' dir='ltr'>ridetur:</span> <span class='ocrx_word' id='word_1_753' title='bbox 1145 4371 1184 4433; x_wconf 77' lang='lat' dir='ltr'>(t)</span> <span class='ocrx_word' id='word_1_754' title='bbox 1202 4367 1225 4418; x_wconf 63' lang='grc' dir='ltr'>’ἱ</span> <span class='ocrx_word' id='word_1_755' title='bbox 1243 4366 1361 4426; x_wconf 62' lang='lat' dir='ltr'>mclii·</span> <span class='ocrx_word' id='word_1_756' title='bbox 1380 4365 1475 4434; x_wconf 60' lang='lat' dir='ltr'>&lt;lilim</span> <span class='ocrx_word' id='word_1_757' title='bbox 1495 4367 1521 4419; x_wconf 66' lang='lat'>5¹¹</span> <span class='ocrx_word' id='word_1_758' title='bbox 1536 4367 1645 4434; x_wconf 62' lang='lat' dir='ltr'>ludlssllt</span> <span class='ocrx_word' id='word_1_759' title='bbox 1658 4385 1823 4423; x_wconf 62' lang='lat' dir='ltr'>“timim-</span> 
     </span>
    </p>

    <p class='ocr_par' dir='ltr' id='par_1_21' title="bbox 140 4449 1834 4786">
     <span class='ocr_line' id='line_1_82' title="bbox 178 4449 1834 4534; baseline -0.005 -17"><span class='ocrx_word' id='word_1_760' title='bbox 178 4465 672 4534; x_wconf 70' lang='lat' dir='ltr'>§.¹1.bbhscrerorepulamerito</span> <span class='ocrx_word' id='word_1_761' title='bbox 701 4459 871 4531; x_wconf 72' lang='lat' dir='ltr'>excipiuntur</span> <span class='ocrx_word' id='word_1_762' title='bbox 900 4472 958 4525; x_wconf 90' lang='lat' dir='ltr'>pro·</span> <span class='ocrx_word' id='word_1_763' title='bbox 1010 4465 1146 4509; x_wconf 88' lang='lat' dir='ltr'>trorersns·</span> <span class='ocrx_word' id='word_1_764' title='bbox 1163 4449 1286 4505; x_wconf 79' lang='lat' dir='ltr'>decidere</span> <span class='ocrx_word' id='word_1_765' title='bbox 1310 4465 1481 4515; x_wconf 84' lang='lat' dir='ltr'>concessum,</span> <span class='ocrx_word' id='word_1_766' title='bbox 1498 4453 1592 4505; x_wconf 81' lang='lat' dir='ltr'>saturis</span> <span class='ocrx_word' id='word_1_767' title='bbox 1612 4453 1733 4524; x_wconf 85' lang='lat' dir='ltr'>publica,</span> <span class='ocrx_word' id='word_1_768' title='bbox 1757 4471 1834 4525; x_wconf 81' lang='lat' dir='ltr'>quae·</span> 
     </span>
     <span class='ocr_line' id='line_1_83' title="bbox 141 4529 1823 4618; baseline -0.005 -15"><span class='ocrx_word' id='word_1_769' title='bbox 141 4566 230 4603; x_wconf 88' lang='lat' dir='ltr'>cessus</span> <span class='ocrx_word' id='word_1_770' title='bbox 249 4550 419 4618; x_wconf 85' lang='lat' dir='ltr'>injuriarum.</span> <span class='ocrx_word' id='word_1_771' title='bbox 439 4551 470 4603; x_wconf 89' lang='lat' dir='ltr'>ln</span> <span class='ocrx_word' id='word_1_772' title='bbox 502 4550 544 4603; x_wconf 88' lang='lat' dir='ltr'>his</span> <span class='ocrx_word' id='word_1_773' title='bbox 573 4550 647 4602; x_wconf 88' lang='lat' dir='ltr'>euim</span> <span class='ocrx_word' id='word_1_774' title='bbox 676 4543 920 4616; x_wconf 87' lang='lat' dir='ltr'>quomodocumque</span> <span class='ocrx_word' id='word_1_775' title='bbox 943 4559 964 4593; x_wconf 89' lang='lat' dir='ltr'>a·</span> <span class='ocrx_word' id='word_1_776' title='bbox 1009 4538 1073 4609; x_wconf 89' lang='lat' dir='ltr'>ipsis</span> <span class='ocrx_word' id='word_1_777' title='bbox 1091 4533 1228 4590; x_wconf 85' lang='lat' dir='ltr'>commode</span> <span class='ocrx_word' id='word_1_778' title='bbox 1246 4533 1348 4588; x_wconf 80' lang='lat' dir='ltr'>sinodis</span> <span class='ocrx_word' id='word_1_779' title='bbox 1367 4529 1492 4586; x_wconf 86' lang='lat' dir='ltr'>sullirere</span> <span class='ocrx_word' id='word_1_780' title='bbox 1510 4547 1635 4607; x_wconf 85' lang='lat' dir='ltr'>possent,</span> <span class='ocrx_word' id='word_1_781' title='bbox 1661 4539 1823 4594; x_wconf 80' lang='lat' dir='ltr'>constituas·</span> 
     </span>
     <span class='ocr_line' id='line_1_84' title="bbox 141 4615 1831 4703; baseline -0.001 -19"><span class='ocrx_word' id='word_1_782' title='bbox 141 4644 216 4703; x_wconf 88' lang='lat' dir='ltr'>parte</span> <span class='ocrx_word' id='word_1_783' title='bbox 234 4633 302 4686; x_wconf 88' lang='lat' dir='ltr'>lsesa</span> <span class='ocrx_word' id='word_1_784' title='bbox 321 4633 391 4686; x_wconf 86' lang='lat' dir='ltr'>actio</span> <span class='ocrx_word' id='word_1_785' title='bbox 410 4631 584 4696; x_wconf 80' lang='lat' dir='ltr'>instituetur,</span> <span class='ocrx_word' id='word_1_786' title='bbox 604 4649 654 4684; x_wconf 91' lang='lat' dir='ltr'>uon</span> <span class='ocrx_word' id='word_1_787' title='bbox 674 4639 763 4699; x_wconf 90' lang='lat' dir='ltr'>potest</span> <span class='ocrx_word' id='word_1_788' title='bbox 781 4643 833 4680; x_wconf 93' lang='lat' dir='ltr'>non</span> <span class='ocrx_word' id='word_1_789' title='bbox 848 4623 957 4678; x_wconf 86' lang='lat' dir='ltr'>muteris</span> <span class='ocrx_word' id='word_1_790' title='bbox 1008 4631 1062 4685; x_wconf 78' lang='lat' dir='ltr'>tur.</span> <span class='ocrx_word' id='word_1_791' title='bbox 1081 4629 1158 4690; x_wconf 63' lang='lat' dir='ltr'>tique</span> <span class='ocrx_word' id='word_1_792' title='bbox 1176 4618 1257 4670; x_wconf 69' lang='lat' dir='ltr'>ullum</span> <span class='ocrx_word' id='word_1_793' title='bbox 1277 4634 1292 4669; x_wconf 81' lang='grc' dir='ltr'>Ι</span> <span class='ocrx_word' id='word_1_794' title='bbox 1310 4615 1429 4687; x_wconf 66' lang='grc' dir='ltr'>ΡΙΗὶΙΜ</span> <span class='ocrx_word' id='word_1_795' title='bbox 1447 4617 1546 4670; x_wconf 64' lang='lat' dir='ltr'>imm</span> <span class='ocrx_word' id='word_1_796' title='bbox 1565 4635 1661 4690; x_wconf 62' lang='lat' dir='ltr'>“pm</span> <span class='ocrx_word' id='word_1_797' title='bbox 1677 4619 1727 4673; x_wconf 66' lang='lat' dir='ltr'>tud</span> <span class='ocrx_word' id='word_1_798' title='bbox 1751 4619 1831 4690; x_wconf 67' lang='lat' dir='ltr'>enti·</span> 
     </span>
     <span class='ocr_line' id='line_1_85' title="bbox 140 4699 1823 4786; baseline -0.009 -18"><span class='ocrx_word' id='word_1_799' title='bbox 140 4715 255 4769; x_wconf 87' lang='lat' dir='ltr'>sesndsli</span> <span class='ocrx_word' id='word_1_800' title='bbox 276 4716 339 4770; x_wconf 89' lang='lat' dir='ltr'>iude</span> <span class='ocrx_word' id='word_1_801' title='bbox 356 4733 528 4786; x_wconf 76' lang='lat' dir='ltr'>promouere,</span> <span class='ocrx_word' id='word_1_802' title='bbox 547 4733 626 4786; x_wconf 89' lang='lat' dir='ltr'>quous</span> <span class='ocrx_word' id='word_1_803' title='bbox 645 4715 715 4766; x_wconf 84' lang='lat' dir='ltr'>ectio</span> <span class='ocrx_word' id='word_1_804' title='bbox 733 4709 891 4778; x_wconf 86' lang='lat' dir='ltr'>injuriarum</span> <span class='ocrx_word' id='word_1_805' title='bbox 906 4727 957 4762; x_wconf 92' lang='lat' dir='ltr'>ma·</span> <span class='ocrx_word' id='word_1_806' title='bbox 1007 4722 1090 4776; x_wconf 84' lang='lat' dir='ltr'>poene</span> <span class='ocrx_word' id='word_1_807' title='bbox 1109 4702 1292 4756; x_wconf 84' lang='lat' dir='ltr'>iutcrdicstnr·</span> <span class='ocrx_word' id='word_1_808' title='bbox 1310 4699 1360 4769; x_wconf 73' lang='lat'>(2).</span> <span class='ocrx_word' id='word_1_809' title='bbox 1374 4699 1403 4752; x_wconf 83' lang='lat' dir='ltr'>Si</span> <span class='ocrx_word' id='word_1_810' title='bbox 1421 4702 1501 4754; x_wconf 86' lang='lat' dir='ltr'>ctiam</span> <span class='ocrx_word' id='word_1_811' title='bbox 1519 4701 1585 4754; x_wconf 88' lang='lat' dir='ltr'>certi</span> <span class='ocrx_word' id='word_1_812' title='bbox 1605 4703 1634 4753; x_wconf 91' lang='lat' dir='ltr'>in</span> <span class='ocrx_word' id='word_1_813' title='bbox 1656 4703 1749 4773; x_wconf 70' lang='lat' dir='ltr'>quovis</span> <span class='ocrx_word' id='word_1_814' title='bbox 1766 4706 1823 4760; x_wconf 76' lang='lat' dir='ltr'>loro</span> 
     </span>
    </p>
   </div>
   <div class='ocr_carea' id='block_1_20' title="bbox 27 4783 1833 4870">
    <p class='ocr_par' dir='ltr' id='par_1_22' title="bbox 27 4783 1833 4870">
     <span class='ocr_line' id='line_1_86' title="bbox 27 4783 1833 4870; baseline -0.007 -18"><span class='ocrx_word' id='word_1_815' title='bbox 27 4854 31 4864; x_wconf 71' lang='grc'><em>,</em></span> <span class='ocrx_word' id='word_1_816' title='bbox 140 4798 265 4853; x_wconf 83' lang='lat' dir='ltr'>niiestsnr</span> <span class='ocrx_word' id='word_1_817' title='bbox 289 4801 372 4853; x_wconf 90' lang='lat' dir='ltr'>animi</span> <span class='ocrx_word' id='word_1_818' title='bbox 393 4801 533 4856; x_wconf 75' lang='lat' dir='ltr'>vindictum</span> <span class='ocrx_word' id='word_1_819' title='bbox 554 4795 837 4870; x_wconf 85' lang='lat' dir='ltr'>spirantis,indicium</span> <span class='ocrx_word' id='word_1_820' title='bbox 850 4811 957 4862; x_wconf 90' lang='lat' dir='ltr'>semper</span> <span class='ocrx_word' id='word_1_821' title='bbox 1004 4789 1231 4842; x_wconf 81' lang='lat' dir='ltr'>constituerentur</span> <span class='ocrx_word' id='word_1_822' title='bbox 1243 4783 1362 4836; x_wconf 79' lang='lat' dir='ltr'>advocati</span> <span class='ocrx_word' id='word_1_823' title='bbox 1372 4793 1478 4853; x_wconf 58' lang='lat' dir='ltr'>„atquc</span> <span class='ocrx_word' id='word_1_824' title='bbox 1494 4785 1528 4836; x_wconf 90' lang='lat' dir='ltr'>iis</span> <span class='ocrx_word' id='word_1_825' title='bbox 1547 4783 1651 4856; x_wconf 89' lang='lat' dir='ltr'>pariter·</span> <span class='ocrx_word' id='word_1_826' title='bbox 1660 4783 1833 4841; x_wconf 78' lang='lat' dir='ltr'>sufficientia·</span> 
     </span>
    </p>
   </div>
   <div class='ocr_carea' id='block_1_21' title="bbox 131 4867 1829 5369">
    <p class='ocr_par' dir='ltr' id='par_1_23' title="bbox 131 4867 1829 5369">
     <span class='ocr_line' id='line_1_87' title="bbox 138 4867 1819 4953; baseline -0.005 -23"><span class='ocrx_word' id='word_1_827' title='bbox 138 4883 245 4939; x_wconf 68' lang='lat' dir='ltr'>existar.</span> <span class='ocrx_word' id='word_1_828' title='bbox 264 4885 326 4939; x_wconf 69' lang='lat' dir='ltr'>vta,</span> <span class='ocrx_word' id='word_1_829' title='bbox 345 4887 438 4940; x_wconf 66' lang='lat'>010211,</span> <span class='ocrx_word' id='word_1_830' title='bbox 459 4885 505 4941; x_wconf 69' lang='lat' dir='ltr'>dn,</span> <span class='ocrx_word' id='word_1_831' title='bbox 524 4887 630 4940; x_wconf 73' lang='grc' dir='ltr'>Ρῃιιιι</span> <span class='ocrx_word' id='word_1_832' title='bbox 646 4885 681 4939; x_wconf 50' lang='lat' dir='ltr'>in.</span> <span class='ocrx_word' id='word_1_833' title='bbox 695 4881 802 4953; x_wconf 76' lang='lat' dir='ltr'>scripto,</span> <span class='ocrx_word' id='word_1_834' title='bbox 815 4877 952 4949; x_wconf 71' lang='lat' dir='ltr'>permani-</span> <span class='ocrx_word' id='word_1_835' title='bbox 1004 4873 1200 4941; x_wconf 68' lang='lat' dir='ltr'>assignarentur</span> <span class='ocrx_word' id='word_1_836' title='bbox 1216 4867 1325 4934; x_wconf 80' lang='lat' dir='ltr'>suteris,</span> <span class='ocrx_word' id='word_1_837' title='bbox 1343 4877 1373 4920; x_wconf 93' lang='grc' dir='ltr'>ιιι</span> <span class='ocrx_word' id='word_1_838' title='bbox 1392 4867 1454 4918; x_wconf 90' lang='lat' dir='ltr'>inde</span> <span class='ocrx_word' id='word_1_839' title='bbox 1473 4867 1559 4921; x_wconf 86' lang='lat' dir='ltr'>risere</span> <span class='ocrx_word' id='word_1_840' title='bbox 1579 4867 1721 4936; x_wconf 81' lang='lat' dir='ltr'>possint,s</span> <span class='ocrx_word' id='word_1_841' title='bbox 1740 4869 1819 4940; x_wconf 83' lang='lat' dir='ltr'>parti·</span> 
     </span>
     <span class='ocr_line' id='line_1_88' title="bbox 138 4948 1829 5036; baseline -0.01 -15"><span class='ocrx_word' id='word_1_842' title='bbox 138 4985 172 5022; x_wconf 85' lang='lat' dir='ltr'>cc</span> <span class='ocrx_word' id='word_1_843' title='bbox 190 4969 284 5036; x_wconf 67' lang='lat' dir='ltr'>liugero</span> <span class='ocrx_word' id='word_1_844' title='bbox 303 4968 394 5022; x_wconf 77' lang='lat' dir='ltr'>editos</span> <span class='ocrx_word' id='word_1_845' title='bbox 413 4971 484 5022; x_wconf 81' lang='lat' dir='ltr'>eines</span> <span class='ocrx_word' id='word_1_846' title='bbox 501 4968 683 5026; x_wconf 76' lang='lat' dir='ltr'>curtautctnn</span> <span class='ocrx_word' id='word_1_847' title='bbox 711 4965 771 5020; x_wconf 84' lang='lat' dir='ltr'>Jets&#39;</span> <span class='ocrx_word' id='word_1_848' title='bbox 794 4959 955 5016; x_wconf 78' lang='lat' dir='ltr'>Bederacken</span> <span class='ocrx_word' id='word_1_849' title='bbox 1005 4956 1052 5009; x_wconf 90' lang='lat' dir='ltr'>bus</span> <span class='ocrx_word' id='word_1_850' title='bbox 1072 4969 1133 5008; x_wconf 85' lang='lat' dir='ltr'>rcro</span> <span class='ocrx_word' id='word_1_851' title='bbox 1149 4949 1293 5022; x_wconf 84' lang='lat' dir='ltr'>quidquem</span> <span class='ocrx_word' id='word_1_852' title='bbox 1312 4949 1432 5020; x_wconf 88' lang='lat' dir='ltr'>accipere</span> <span class='ocrx_word' id='word_1_853' title='bbox 1451 4948 1499 5001; x_wconf 90' lang='lat' dir='ltr'>sub</span> <span class='ocrx_word' id='word_1_854' title='bbox 1528 4949 1694 5019; x_wconf 74' lang='lat' dir='ltr'>pravissimis</span> <span class='ocrx_word' id='word_1_855' title='bbox 1725 4950 1829 5019; x_wconf 86' lang='lat' dir='ltr'>poeuis·</span> 
     </span>
     <span class='ocr_line' id='line_1_89' title="bbox 137 5033 1820 5117; baseline 0.004 -14"><span class='ocrx_word' id='word_1_856' title='bbox 137 5067 198 5103; x_wconf 84' lang='lat' dir='ltr'>uon</span> <span class='ocrx_word' id='word_1_857' title='bbox 217 5051 511 5117; x_wconf 68' lang='lat' dir='ltr'>luisses-Procerus,</span> <span class='ocrx_word' id='word_1_858' title='bbox 530 5053 576 5106; x_wconf 87' lang='lat' dir='ltr'>dn.</span> <span class='ocrx_word' id='word_1_859' title='bbox 594 5051 743 5107; x_wconf 85' lang='lat' dir='ltr'>Bobmerus</span> <span class='ocrx_word' id='word_1_860' title='bbox 764 5047 829 5102; x_wconf 76' lang='lat' dir='ltr'>diss.</span> <span class='ocrx_word' id='word_1_861' title='bbox 853 5043 886 5098; x_wconf 81' lang='lat' dir='ltr'>ds</span> <span class='ocrx_word' id='word_1_862' title='bbox 914 5041 954 5097; x_wconf 81' lang='lat' dir='ltr'>tn·</span> <span class='ocrx_word' id='word_1_863' title='bbox 1004 5039 1218 5111; x_wconf 76' lang='lat' dir='ltr'>prohiberentur.</span> <span class='ocrx_word' id='word_1_864' title='bbox 1236 5037 1324 5106; x_wconf 62' lang='grc' dir='ltr'>ΟΜ</span> <span class='ocrx_word' id='word_1_865' title='bbox 1344 5035 1417 5087; x_wconf 73' lang='lat'>‘⁰¹⁰</span> <span class='ocrx_word' id='word_1_866' title='bbox 1444 5033 1494 5086; x_wconf 75' lang='lat'>¹¹⁰⁰</span> <span class='ocrx_word' id='word_1_867' title='bbox 1525 5033 1604 5086; x_wconf 68' lang='lat'>&#39;²⁰³⁰</span> <span class='ocrx_word' id='word_1_868' title='bbox 1634 5033 1820 5104; x_wconf 65' lang='lat' dir='ltr'>Pf⁰¹⁵¹l¹⁸l¹²¹⁰</span> 
     </span>
     <span class='ocr_line' id='line_1_90' title="bbox 131 5117 1819 5210; baseline -0.009 -22"><span class='ocrx_word' id='word_1_869' title='bbox 131 5130 201 5204; x_wconf 74' lang='lat' dir='ltr'>inst.</span> <span class='ocrx_word' id='word_1_870' title='bbox 213 5146 265 5190; x_wconf 86' lang='lat' dir='ltr'>oct.</span> <span class='ocrx_word' id='word_1_871' title='bbox 287 5135 371 5209; x_wconf 76' lang='lat' dir='ltr'>injur.</span> <span class='ocrx_word' id='word_1_872' title='bbox 395 5136 430 5190; x_wconf 78' lang='lat' dir='ltr'>lit</span> <span class='ocrx_word' id='word_1_873' title='bbox 446 5136 567 5210; x_wconf 89' lang='lat' dir='ltr'>qnsmris</span> <span class='ocrx_word' id='word_1_874' title='bbox 586 5135 619 5192; x_wconf 92' lang='lat' dir='ltr'>de</span> <span class='ocrx_word' id='word_1_875' title='bbox 636 5137 741 5190; x_wconf 90' lang='lat' dir='ltr'>sctinne</span> <span class='ocrx_word' id='word_1_876' title='bbox 757 5127 954 5191; x_wconf 85' lang='lat' dir='ltr'>aestimatoria,</span> <span class='ocrx_word' id='word_1_877' title='bbox 1003 5127 1083 5180; x_wconf 89' lang='lat' dir='ltr'>etism</span> <span class='ocrx_word' id='word_1_878' title='bbox 1102 5121 1235 5194; x_wconf 89' lang='lat' dir='ltr'>processui</span> <span class='ocrx_word' id='word_1_879' title='bbox 1254 5121 1335 5190; x_wconf 72' lang='lat' dir='ltr'>gratis</span> <span class='ocrx_word' id='word_1_880' title='bbox 1353 5118 1548 5190; x_wconf 84' lang='lat' dir='ltr'>impendendus</span> <span class='ocrx_word' id='word_1_881' title='bbox 1566 5117 1637 5172; x_wconf 82' lang='lat' dir='ltr'>iuret</span> <span class='ocrx_word' id='word_1_882' title='bbox 1662 5121 1738 5173; x_wconf 72' lang='lat' dir='ltr'>libor</span> <span class='ocrx_word' id='word_1_883' title='bbox 1768 5121 1819 5174; x_wconf 88' lang='lat' dir='ltr'>iui-</span> 
     </span>
     <span class='ocr_line' id='line_1_91' title="bbox 136 5203 1817 5290; baseline -0.007 -20"><span class='ocrx_word' id='word_1_884' title='bbox 136 5235 188 5286; x_wconf 92' lang='lat' dir='ltr'>qna</span> <span class='ocrx_word' id='word_1_885' title='bbox 207 5221 308 5277; x_wconf 85' lang='lat' dir='ltr'>seilicet</span> <span class='ocrx_word' id='word_1_886' title='bbox 326 5221 451 5290; x_wconf 73' lang='lat' dir='ltr'>iniuriam</span> <span class='ocrx_word' id='word_1_887' title='bbox 470 5221 548 5274; x_wconf 89' lang='lat' dir='ltr'>nobis</span> <span class='ocrx_word' id='word_1_888' title='bbox 574 5221 675 5274; x_wconf 86' lang='lat' dir='ltr'>ittstam</span> <span class='ocrx_word' id='word_1_889' title='bbox 707 5215 849 5272; x_wconf 86' lang='lat' dir='ltr'>aestimare</span> <span class='ocrx_word' id='word_1_890' title='bbox 879 5222 955 5280; x_wconf 86' lang='lat' dir='ltr'>etque</span> <span class='ocrx_word' id='word_1_891' title='bbox 1003 5208 1167 5279; x_wconf 86' lang='lat' dir='ltr'>qnos-etism</span> <span class='ocrx_word' id='word_1_892' title='bbox 1186 5203 1536 5274; x_wconf 85' lang='lat' dir='ltr'>judieeaatquesdrocstos</span> <span class='ocrx_word' id='word_1_893' title='bbox 1567 5203 1733 5274; x_wconf 86' lang='lat' dir='ltr'>compendiis</span> <span class='ocrx_word' id='word_1_894' title='bbox 1762 5223 1817 5260; x_wconf 81' lang='lat' dir='ltr'>ms·</span> 
     </span>
     <span class='ocr_line' id='line_1_92' title="bbox 138 5286 1820 5369; baseline -0.001 -18"><span class='ocrx_word' id='word_1_895' title='bbox 138 5299 280 5352; x_wconf 77' lang='lat' dir='ltr'>menodoro</span> <span class='ocrx_word' id='word_1_896' title='bbox 300 5302 512 5356; x_wconf 74' lang='lat' dir='ltr'>aestimationem</span> <span class='ocrx_word' id='word_1_897' title='bbox 531 5301 607 5356; x_wconf 91' lang='lat' dir='ltr'>istam</span> <span class='ocrx_word' id='word_1_898' title='bbox 621 5303 676 5369; x_wconf 77' lang='lat' dir='ltr'>rjus</span> <span class='ocrx_word' id='word_1_899' title='bbox 689 5295 894 5355; x_wconf 75' lang='lat' dir='ltr'>vindicationem</span> <span class='ocrx_word' id='word_1_900' title='bbox 909 5308 953 5361; x_wconf 82' lang='lat' dir='ltr'>pe·</span> <span class='ocrx_word' id='word_1_901' title='bbox 1003 5293 1044 5361; x_wconf 75' lang='lat' dir='ltr'>qis</span> <span class='ocrx_word' id='word_1_902' title='bbox 1061 5309 1139 5362; x_wconf 88' lang='lat' dir='ltr'>quem</span> <span class='ocrx_word' id='word_1_903' title='bbox 1150 5286 1299 5360; x_wconf 73' lang='lat' dir='ltr'>dispendii·</span> <span class='ocrx_word' id='word_1_904' title='bbox 1314 5304 1420 5359; x_wconf 74' lang='lat' dir='ltr'>operm</span> <span class='ocrx_word' id='word_1_905' title='bbox 1440 5287 1544 5342; x_wconf 85' lang='lat' dir='ltr'>daturos</span> <span class='ocrx_word' id='word_1_906' title='bbox 1560 5303 1617 5342; x_wconf 59' lang='grc' dir='ltr'>«ιθ</span> <span class='ocrx_word' id='word_1_907' title='bbox 1633 5297 1820 5362; x_wconf 62' lang='grc' dir='ltr'>Μίοιιιῐιιιι·</span> 
     </span>
    </p>
   </div>
   <div class='ocr_carea' id='block_1_22' title="bbox 136 5371 1828 5541">
    <p class='ocr_par' dir='ltr' id='par_1_24' title="bbox 136 5371 1828 5541">
     <span class='ocr_line' id='line_1_93' title="bbox 137 5371 1135 5455; baseline -0.006 -21"><span class='ocrx_word' id='word_1_908' title='bbox 137 5389 195 5435; x_wconf 86' lang='lat' dir='ltr'>tere</span> <span class='ocrx_word' id='word_1_909' title='bbox 213 5400 368 5452; x_wconf 84' lang='lat' dir='ltr'>possumus,</span> <span class='ocrx_word' id='word_1_910' title='bbox 388 5395 497 5455; x_wconf 88' lang='lat' dir='ltr'>propter</span> <span class='ocrx_word' id='word_1_911' title='bbox 513 5386 596 5454; x_wconf 69' lang='lat' dir='ltr'>legem</span> <span class='ocrx_word' id='word_1_912' title='bbox 614 5398 765 5454; x_wconf 83' lang='lat' dir='ltr'>expressam</span> <span class='ocrx_word' id='word_1_913' title='bbox 792 5377 824 5448; x_wconf 85' lang='lat' dir='ltr'>(l.¹</span> <span class='ocrx_word' id='word_1_914' title='bbox 841 5373 915 5439; x_wconf 63' lang='lat' dir='ltr'>M..</span> <span class='ocrx_word' id='word_1_915' title='bbox 928 5371 952 5426; x_wconf 81' lang='lat' dir='ltr'>l.</span> <span class='ocrx_word' id='word_1_916' title='bbox 1004 5393 1049 5428; x_wconf 89' lang='lat' dir='ltr'>sus</span> <span class='ocrx_word' id='word_1_917' title='bbox 1066 5391 1135 5428; x_wconf 86' lang='lat' dir='ltr'>suso.</span> 
     </span>
     <span class='ocr_line' id='line_1_94' title="bbox 136 5449 1828 5541; baseline -0.008 -17"><span class='ocrx_word' id='word_1_918' title='bbox 136 5469 171 5524; x_wconf 78' lang='lat' dir='ltr'>sle</span> <span class='ocrx_word' id='word_1_919' title='bbox 188 5467 295 5541; x_wconf 83' lang='lat' dir='ltr'>colias.)</span> <span class='ocrx_word' id='word_1_920' title='bbox 315 5470 343 5522; x_wconf 89' lang='lat' dir='ltr'>in</span> <span class='ocrx_word' id='word_1_921' title='bbox 362 5469 483 5524; x_wconf 87' lang='lat' dir='ltr'>coolesso</span> <span class='ocrx_word' id='word_1_922' title='bbox 501 5470 529 5522; x_wconf 87' lang='lat' dir='ltr'>id</span> <span class='ocrx_word' id='word_1_923' title='bbox 547 5469 617 5540; x_wconf 82' lang='lat' dir='ltr'>opud</span> <span class='ocrx_word' id='word_1_924' title='bbox 636 5483 727 5522; x_wconf 87' lang='lat' dir='ltr'>omnes</span> <span class='ocrx_word' id='word_1_925' title='bbox 758 5465 809 5528; x_wconf 89' lang='lat' dir='ltr'>sit,</span> <span class='ocrx_word' id='word_1_926' title='bbox 840 5469 868 5512; x_wconf 88' lang='lat' dir='ltr'>ct</span> <span class='ocrx_word' id='word_1_927' title='bbox 893 5474 950 5526; x_wconf 88' lang='lat' dir='ltr'>pro·</span> <span class='ocrx_word' id='word_1_928' title='bbox 1038 5455 1061 5527; x_wconf 75' lang='grc'>5.</span> <span class='ocrx_word' id='word_1_929' title='bbox 1079 5459 1105 5510; x_wconf 70' lang='lat' dir='ltr'>t.</span> <span class='ocrx_word' id='word_1_930' title='bbox 1124 5453 1200 5525; x_wconf 77' lang='lat' dir='ltr'>Quod</span> <span class='ocrx_word' id='word_1_931' title='bbox 1220 5449 1420 5508; x_wconf 81' lang='lat' dir='ltr'>entemsttinet</span> <span class='ocrx_word' id='word_1_932' title='bbox 1439 5468 1576 5522; x_wconf 85' lang='lat' dir='ltr'>processus</span> <span class='ocrx_word' id='word_1_933' title='bbox 1595 5454 1766 5524; x_wconf 84' lang='lat' dir='ltr'>injuriarum,</span> <span class='ocrx_word' id='word_1_934' title='bbox 1784 5471 1828 5512; x_wconf 66' lang='grc' dir='ltr'>ιι*Ι</span> 
     </span>
    </p>
   </div>
   <div class='ocr_carea' id='block_1_23' title="bbox 24 5521 1827 5709">
    <p class='ocr_par' dir='ltr' id='par_1_25' title="bbox 24 5521 1827 5709">
     <span class='ocr_line' id='line_1_95' title="bbox 24 5521 1827 5622; baseline -0.006 -19"><span class='ocrx_word' id='word_1_935' title='bbox 24 5521 26 5550; x_wconf 31' lang='lat' dir='ltr'>i</span> <span class='ocrx_word' id='word_1_936' title='bbox 136 5559 228 5622; x_wconf 88' lang='lat' dir='ltr'>pterea</span> <span class='ocrx_word' id='word_1_937' title='bbox 246 5551 326 5606; x_wconf 88' lang='lat' dir='ltr'>etiam</span> <span class='ocrx_word' id='word_1_938' title='bbox 345 5551 409 5606; x_wconf 89' lang='lat' dir='ltr'>baec</span> <span class='ocrx_word' id='word_1_939' title='bbox 426 5553 494 5606; x_wconf 86' lang='lat' dir='ltr'>actio</span> <span class='ocrx_word' id='word_1_940' title='bbox 512 5552 692 5606; x_wconf 86' lang='lat' dir='ltr'>aestimstoris</span> <span class='ocrx_word' id='word_1_941' title='bbox 725 5551 753 5603; x_wconf 87' lang='lat' dir='ltr'>ic</span> <span class='ocrx_word' id='word_1_942' title='bbox 784 5545 833 5598; x_wconf 89' lang='lat' dir='ltr'>lscc</span> <span class='ocrx_word' id='word_1_943' title='bbox 860 5540 953 5594; x_wconf 88' lang='lat' dir='ltr'>ducatu</span> <span class='ocrx_word' id='word_1_944' title='bbox 1003 5557 1081 5610; x_wconf 89' lang='lat' dir='ltr'>suprs</span> <span class='ocrx_word' id='word_1_945' title='bbox 1101 5539 1249 5608; x_wconf 77' lang='lat' dir='ltr'>‹lictisjsm</span> <span class='ocrx_word' id='word_1_946' title='bbox 1269 5547 1351 5608; x_wconf 84' lang='lat' dir='ltr'>patet,</span> <span class='ocrx_word' id='word_1_947' title='bbox 1370 5537 1537 5607; x_wconf 87' lang='lat' dir='ltr'>principem,</span> <span class='ocrx_word' id='word_1_948' title='bbox 1557 5539 1604 5608; x_wconf 84' lang='lat' dir='ltr'>qui</span> <span class='ocrx_word' id='word_1_949' title='bbox 1627 5539 1827 5592; x_wconf 87' lang='lat' dir='ltr'>christianismi·</span> 
     </span>
     <span class='ocr_line' id='line_1_96' title="bbox 24 5619 1818 5709; baseline -0.006 -21"><span class='ocrx_word' id='word_1_950' title='bbox 24 5631 25 5638; x_wconf 74' lang='grc'>’</span> <span class='ocrx_word' id='word_1_951' title='bbox 135 5631 339 5708; x_wconf 65' lang='lat' dir='ltr'>megdeborqico</span> <span class='ocrx_word' id='word_1_952' title='bbox 360 5651 484 5708; x_wconf 82' lang='lat' dir='ltr'>expresse</span> <span class='ocrx_word' id='word_1_953' title='bbox 501 5635 675 5709; x_wconf 86' lang='lat' dir='ltr'>prohibeatur</span> <span class='ocrx_word' id='word_1_954' title='bbox 694 5631 843 5690; x_wconf 79' lang='lat' dir='ltr'>emendato-</span> <span class='ocrx_word' id='word_1_955' title='bbox 861 5624 951 5684; x_wconf 79' lang='lat' dir='ltr'>ordin.</span> <span class='ocrx_word' id='word_1_956' title='bbox 1005 5625 1063 5694; x_wconf 72' lang='lat' dir='ltr'>tora</span> <span class='ocrx_word' id='word_1_957' title='bbox 1081 5640 1187 5681; x_wconf 86' lang='lat' dir='ltr'>scrssre</span> <span class='ocrx_word' id='word_1_958' title='bbox 1202 5623 1271 5679; x_wconf 90' lang='lat' dir='ltr'>aerio</span> <span class='ocrx_word' id='word_1_959' title='bbox 1288 5619 1378 5694; x_wconf 85' lang='lat' dir='ltr'>cupit,</span> <span class='ocrx_word' id='word_1_960' title='bbox 1397 5637 1449 5677; x_wconf 89' lang='lat' dir='ltr'>usn</span> <span class='ocrx_word' id='word_1_961' title='bbox 1468 5640 1544 5694; x_wconf 83' lang='lat' dir='ltr'>possa</span> <span class='ocrx_word' id='word_1_962' title='bbox 1562 5639 1642 5691; x_wconf 75' lang='lat' dir='ltr'>nan,</span> <span class='ocrx_word' id='word_1_963' title='bbox 1656 5621 1689 5678; x_wconf 83' lang='lat' dir='ltr'>ai</span> <span class='ocrx_word' id='word_1_964' title='bbox 1717 5625 1818 5682; x_wconf 81' lang='lat' dir='ltr'>esitas-</span> 
     </span>
    </p>
   </div>
   <div class='ocr_carea' id='block_1_24' title="bbox 0 0 2186 6194">
    <p class='ocr_par' dir='ltr' id='par_1_26' title="bbox 0 0 2186 6194">
     <span class='ocr_line' id='line_1_97' title="bbox 0 0 2186 6194; baseline 0 6"><span class='ocrx_word' id='word_1_965' title='bbox 0 0 2186 6194; x_wconf 95' lang='lat' dir='ltr'> </span> 
     </span>
    </p>
   </div>
  </div>
 </body>
</html>
