4252 6164
165 306 219 362 ets
512 282 1386 352 nnmutctounsruntnmsxrtttsuutcttttnus.
1687 245 1740 350 176

84 401 100 460 l
151 403 244 456 Poterit
260 397 335 454 etiarn
355 393 388 450 sd
405 393 456 448 troc
474 392 594 447 fortunae
611 391 738 462 judicium
758 401 830 442 eerto
844 387 922 441 modo
973 397 1048 458 parte
1066 387 1139 455 prius
1158 385 1306 455 adimplere
1324 385 1403 438 debet
1421 393 1594 455 contractum,
1608 402 1743 462 antequem
1758 397 1792 452 sb

113 484 202 540 referri
219 478 416 537 assecurationis
433 487 590 538 contractus,
608 476 639 526 de
657 493 709 544 qno
731 471 937 542 thilippus-H.-
973 471 1026 523 alio
1045 468 1242 538 implementum
1261 469 1355 538 exigat.
1374 471 1411 533 (3)
1431 470 1562 522 Datnnum
1582 475 1728 544 contigisse.
1753 478 1793 548 (l)

112 567 216 636 llispan.
236 580 282 618 rex
297 563 455 634 peculiarem
475 558 689 611 constitutionem
708 552 842 609 bruxellis
854 572 923 606 anuo
974 553 1170 606 hssecuratttsru
1190 552 1223 604 dc
1240 569 1271 603 eo
1288 569 1344 604 esse
1357 555 1494 605 certiorem
1512 555 1653 610 redditum.
1666 558 1708 632 (5)
1721 561 1798 614 Tere.

113 648 185 700 ttut.
203 649 245 700 01.
263 644 379 700 octobris
396 643 483 694 edidit
501 658 606 693 acauno
621 639 702 691 tero.
716 637 832 708 repetiit:
844 655 922 707 quant
974 655 1023 708 ptts
1040 637 1140 691 actioni
1159 656 1172 689 a
1193 637 1237 688 die
1249 637 1445 714 certioretionis
1457 639 1640 708 praestitutum
1657 658 1714 695 esse
1727 661 1802 712 prae·

113 731 195 785 liatsvi
213 741 239 783 et
258 729 396 799 praecipue
416 713 672 778 hmstelotlatneus'es
689 713 747 774 t'tutn'
768 723 926 773 merceturae
976 717 1125 792 te'rlapsu'm.
1145 722 1181 787 (0)
1202 721 1319 772 Petitum
1341 722 1413 789 jungi
1436 721 1522 785 debet,
1543 741 1750 792 regressuro,
1775 742 1802 782 ue

115 814 270 866 incremento
289 818 456 880 receperunt,
474 825 504 859 ac
522 817 610 875 prostes
630 804 923 858 Germaniaeciritatee
974 823 1126 860 assecurans
1146 809 1173 857 in
1195 806 1322 857 mercium
1342 805 1533 871 designatarum
1567 807 1680 875 pretinm
1713 819 1740 862 ιι
1769 809 1801 862 sd

84 885 252 950 tervisinae
269 912 318 948 usu
336 895 488 965 probarunt.
508 893 623 944 Romani
651 889 752 958 aualogi
780 888 845 957 qnid
863 885 926 942 huic
974 907 1148 959 expensurum
1170 891 1279 958 insuper
1300 886 1424 942 factarum
1452 888 1613 944 refusionem
1644 893 1800 947 condemne-

113 980 247 1033 mntractui
267 979 426 1031 habueruut.
445 992 501 1048 urg.
520 975 538 1026 l.
559 976 603 1024 ³1.
622 985 648 1026 et
668 974 712 1025 30.
729 974 816 1026 locust
831 971 850 1023 Ι.
864 973 889 1022 3.
902 989 925 1023 c.
977 984 1028 1026 tnr.
1048 973 1100 1026 Sed
1118 973 1182 1042 qnid
1202 974 1224 1026 ei
1245 973 1315 1025 diota
1338 972 1464 1042 requisita
1484 977 1621 1042 probasset
1637 975 1744 1046 quidem
1765 994 1803 1030 se·

113 1061 143 1119 ds
165 1060 403 1132 nuutiostsenore.
429 1059 480 1112 Sed
507 1059 534 1109 id
559 1057 690 1126 justitiam
716 1055 823 1126 quidem
850 1057 925 1124 hujus
976 1070 1114 1120 securatur,
1134 1070 1283 1111 ssseeurans
1313 1073 1377 1109 sero
1403 1066 1440 1110 tut
1469 1069 1569 1110 userces
1601 1064 1665 1110 non'
1686 1057 1802 1116 adfuisse

113 1161 253 1204 contractus
271 1151 352 1218 jurat,
372 1145 447 1198 nullo
465 1143 543 1198 ruodo
561 1159 622 1197 rere
642 1143 759 1196 indolem
773 1150 799 1193 et
814 1139 925 1208 formata
979 1151 1098 1211 ternpore
1116 1140 1318 1194 assecurationis
1337 1140 1448 1208 probare
1466 1139 1543 1204 vetit,
1568 1157 1667 1194 numere
1697 1145 1798 1198 eunde·

85 1219 164 1304 8rjus
179 1235 297 1288 absolvit.
319 1230 441 1284 Deseribi
462 1239 558 1300 potest,
575 1228 645 1296 quud
664 1227 699 1279 sit
717 1235 867 1278 contractus
887 1226 926 1291 ju·
976 1225 1065 1278 mnari
1080 1220 1202 1295 poterit?
1222 1225 1251 1279 Si
1270 1231 1429 1277 assecuratns
1449 1223 1608 1291 ignoraverit
1628 1234 1803 1298 tempureasa'

112 1322 147 1375 ris
163 1320 281 1390 gentium
301 1316 482 1372 consensualis
501 1314 650 1368 nominatus
663 1310 696 1365 de
710 1309 842 1364 mercibus
854 1319 926 1362 cestu
977 1309 1145 1362 securationis
1165 1325 1216 1360 non
1236 1306 1397 1365 tentantium
1410 1305 1541 1373 adfuisse,
1560 1324 1714 1366 assecnrsns
1736 1331 1801 1384 qno·

113 1405 191 1476 pretio
208 1422 222 1456 s
241 1405 356 1473 peritis,
381 1401 421 1455 vei
447 1399 513 1472 ipsis
540 1395 757 1450 contrahentibus
782 1391 927 1447 aestimatis
976 1410 1096 1462 quecun
1116 1402 1238 1458 tenetur,
1257 1391 1310 1443 nisi
1331 1395 1433 1445 ratione
1451 1408 1541 1446 carnus
1567 1395 1715 1463 mercium,
1732 1414 1799 1468 quae

112 1501 160 1542 totu
177 1487 282 1540 aliunde
302 1473 350 1557 pro
368 1484 512 1538 constitute
531 1481 648 1552 praemio
669 1477 880 1541 transferendis,
898 1486 927 1528 ut
978 1494 1065 1535 resera
1084 1475 1239 1542 adfuerunt,
1258 1492 1306 1532 nec
1322 1483 1486 1532 assecuratus
1504 1477 1606 1548 aliquid
1625 1483 1748 1552 supplere
1762 1492 1799 1538 ts·

84 1555 249 1642 ⁹periculum
270 1569 302 1620 ad
323 1555 523 1622 transferentem
544 1567 685 1636 pertinent.
703 1561 762 1614 Nun
781 1578 857 1630 grase
875 1559 927 1614 erit
978 1572 1069 1626 uetare
1089 1561 1111 1614 si
1130 1578 1191 1616 vero
1215 1569 1376 1614 assecuratus
1401 1561 1542 1628 sciuisset,
1562 1567 1724 1620 tantumdem
1745 1585 1799 1622 non

113 1657 283 1708 bicuaturam
303 1653 380 1722 hujus
398 1645 928 1718 contrectusaceurstiuspaululumstol·
978 1647 1154 1714 etlfuisse‚st
1173 1658 1258 1702 tauteu
1277 1646 1466 1710 contraisset,
1485 1645 1514 1698 in
1534 1665 1642 1717 possm
1673 1648 1738 1703 frte.
1757 1661 1800 1705 η.

112 1741 182 1793 sisse.
200 1736 374 1790 contractum
393 1735 461 1804 juris
479 1733 598 1803 gentium
618 1733 673 1786 dixi
685 1747 769 1800 geum
785 1733 855 1784 inter
875 1733 928 1800 plu·
978 1735 1086 1788 serentis
1104 1731 1285 1788 consentionis
1302 1733 1384 1800 legem
1404 1729 1552 1800 adimplere
1572 1742 1683 1788 tenetur.
1703 1752 1762 1805 erg.
1784 1737 1805 1790 l.

113 1832 257 1892 sergentes
284 1831 447 1872 mercaturae
471 1819 569 1890 peritas
593 1835 722 1888 peraeque
746 1815 928 1879 custodiatur,
981 1820 1024 1872 13.
1035 1825 1056 1882 5.
1069 1819 1095 1872 0.
1099 1815 1140 1886 ff
1151 1818 1186 1870 tie
1197 1814 1297 1876 action.
1314 1815 1408 1887 empti.
1430 1813 1528 1870 lienes.
1547 1808 1702 1872 Strachade
1722 1837 1801 1887 spon.

112 1913 135 1958 ιι
152 1907 212 1957 lieet
229 1905 301 1974 apud
315 1905 449 1958 Romanos
468 1915 525 1956 non·
539 1901 617 1956 fuerit
635 1903 661 1954 iu
676 1905 740 1968 deu,
760 1901 821 1952 inde
841 1909 929 1954 tamen
978 1905 1046 1956 sion.
1067 1919 1132 1957 vers.
1146 1903 1207 1954 item
1220 1898 1499 1972 questo-Mrrqnsrtl.
1516 1901 1542 1953 d.
1563 1901 1581 1954 l.
1607 1920 1635 1954 rs.
1661 1903 1704 1954 30.
1725 1903 1800 1957 stett-

114 1985 174 2053 jusie
191 1988 312 2054 gentium
332 2003 389 2038 cese
408 1975 460 2038 non
480 1985 587 2051 desinit,
606 2003 664 2038 cnm
683 1985 751 2054 apud
764 1985 929 2051 aliaegeotes
981 2007 1059 2060 qtmm
1079 1991 1123 2042 tric
1143 1987 1498 2058 egendumqooqos‘paucis
1514 1987 1566 2040 erit
1584 1988 1616 2040 de
1635 1991 1797 2058 sponsione,
1823 2029 1859 2082 ¹5

116 2082 221 2126 munis!
238 2081 265 2124 el
284 2079 448 2147 mercatum
467 2068 568 2146 feroces
585 2069 712 2123 obtineat.
726 2067 928 2122 Consetmaletu
980 2093 1030 2144 qua
1051 2074 1194 2135 denotent,
1214 2072 1392 2133 ἀποπρίω,
1409 2089 1440 2124 ac
1457 2070 1539 2124 scribi
1559 2083 1663 2142 potest,
1676 2072 1745 2143 qued
1764 2075 1802 2128 eit

115 2155 229 2204 secabant
238 2191 247 2220 ,
266 2153 340 2223 quod
360 2171 438 2223 qnam
459 2155 574 2225 primum
593 2153 627 2207 de
652 2151 835 2207 aestimatione
861 2166 928 2214 100·-
981 2169 1053 2213 setus
1070 2156 1286 2210 contendentium
1306 2155 1340 2208 tle
1356 2158 1486 2220 scritate,
1506 2166 1547 2208 ant
1568 2165 1662 2211 ereutu
1689 2157 1800 2224 sl²cujue

118 2239 179 2288 riuus
198 2246 222 2292 ιι
239 2241 328 2307 pretio
355 2257 404 2309 pru
427 2227 571 2293 seettritate
595 2237 775 2292 contrahentes
798 2249 931 2288 couseme-
980 2243 1036 2304 η),
1055 2254 1084 2296 ur
1103 2243 1187 2293 steros
1206 2239 1300 2310 pendet
1319 2238 1418 2308 „liquid
1438 2238 1546 2301 vietor13
1566 2237 1613 2291 sed
1629 2240 1801 2309 requiritur,

117 2320 175 2382 rint,
194 2319 330 2388 perfectus
342 2325 386 2398 sit.
399 2321 623 2392 addhlsrqusrd.
638 2321 742 2395 dejure
756 2329 861 2384 merent.
875 2317 931 2371 tt.
983 2322 1125 2378 utfiatde
1144 2323 1221 2377 rebus
1241 2322 1359 2376 honestis
1378 2320 1469 2389 arpi.
1497 2321 1557 2373 tut.
1572 2319 1658 2390 ffde
1678 2341 1702 2376 e.
1734 2341 1761 2380 o.
1780 2337 1804 2378 er

115 2421 164 2468 Νι·
182 2405 225 2456 ¹3·
242 2423 274 2458 ¹¹·
304 2406 346 2456 ¹⁶·
372 2405 526 2479 Νῠῐΰῖῑῑξῐιῑὶ
545 2407 664 2469 ἆῑΰῑῑῦῐι
684 2405 807 2474 000οῙ·ῐῦ
835 2420 929 2456 ⁰⁰¹⁰⁶⁰
981 2433 1034 2469 tton
1053 2414 1187 2484 vergario
1208 2412 1332 2464 nimium.
1351 2408 1437 2461 Hodie
1457 2409 1519 2460 inde
1543 2409 1583 2460 vel
1613 2409 1745 2464 condictio
1769 2421 1801 2464 ex

115 2498 250 2542 certumst
271 2487 429 2559 specificnm
448 2511 462 2544 a
481 2491 593 2543 steteris
611 2489 767 2542 distinctum
783 2487 870 2553 habet,
883 2485 931 2540 suls
982 2495 1112 2561 mortha„
1131 2505 1177 2549 ‚nt
1193 2495 1262 2550 aetio
1281 2491 1450 2563 praescriptis
1470 2492 1556 2545 serbis
1574 2491 1668 2558 dator,
1696 2509 1746 2563 pru
1764 2509 1808 2546 rs·

117 2575 220 2640 generali
239 2573 363 2637 nomine,
381 2582 533 2626 contractus
553 2585 613 2642 puta
633 2572 741 2644 propria
760 2590 807 2626 ιι
827 2573 851 2628 ιὶ
875 2588 934 2641 pto·
983 2583 1056 2635 tione
1075 2581 1147 2634 modi
1164 2599 1216 2651 quo
1234 2594 1269 2631 sc.
1289 2579 1356 2630 inita
1376 2575 1436 2638 fuit,
1456 2577 1538 2631 rideri
1558 2576 1656 2646 poterit
1681 2575 1801 2646 pluribus

117 2655 220 2710 ducendi
238 2658 392 2722 actionem,
411 2670 434 2710 et
453 2675 505 2710 uon
520 2658 572 2709 nisi
587 2661 632 2710 uni
651 2669 720 2710 certo
743 2660 848 2726 negotiu
866 2674 933 2713 cuns·
984 2666 1090 2720 stt-,cha
1108 2664 1295 2731 desponsion.
1309 2662 1482 2718 etWehner.
1500 2663 1529 2713 t'n
1544 2661 1600 2713 obs.
1618 2671 1704 2732 prust·
1723 2663 1799 2716 verb.

120 2739 185 2810 petit,
197 2741 264 2810 quod
287 2731 444 2814 espfor'tnula
465 2744 515 2796 der
536 2745 869 2818 Anemrann-orttnung
884 2750 933 2804 det·
989 2752 1091 2804 Wetten
1110 2760 1136 2802 ιι
1154 2747 1258 2801 Beseld.
1277 2747 1342 2799 thes.
1351 2756 1436 2816 praet.
1464 2745 1557 2798 rodem
1572 2745 1663 2796 verto.
1684 2743 1799 2798 Pertinet
1820 2743 1855 2794 Π

121 2825 329 2891 Amrterdumer,
340 2845 418 2896 quam
433 2827 585 2896 hlasqsrard.
598 2828 624 2881 d.
636 2838 669 2882 tr.
683 2827 722 2880 tit.
746 2846 768 2883 r.
784 2842 810 2885 et
828 2835 921 2888 s.'sub
985 2834 1035 2886 bac
1052 2850 1154 2904 qnoque
1173 2833 1223 2887 ulls
1241 2831 1369 2894 fortunae,
1388 2831 1463 2899 vulgo
1482 2827 1525 2882 rin
1548 2825 1724 2898 Gliicltstopffi
1739 2829 1804 2882 Gttt·

126 2909 210 2976 junxit,
223 2911 350 2981 pluribus
362 2909 452 2964 sidere
465 2922 513 2966 cst.
982 2915 1120 2987 ekehnsen.
1140 2916 1198 2985 Qus
1215 2914 1274 2985 quie
1291 2925 1390 2968 certum
1409 2930 1491 2983 genus
1504 2913 1598 2966 mercis
1611 2930 1633 2966 r.
1648 2929 1687 2980 gr.
1700 2930 1809 2983 equum,

86 2999 112 3052 ιι
155 2991 289 3061 singulare
308 2995 336 3046 in
356 2993 624 3061 hoecuntractnest,
642 2996 711 3069 quod
731 3001 847 3070 pretium
868 3003 935 3072 peri·
970 3003 1121 3055 eulaliam
1141 3001 1255 3068 aliquam
1274 3015 1329 3052 rem
1350 3007 1487 3066 procerte
1518 2997 1604 3066 pr'etio
1635 2995 1801 3049 sortiendam

130 3075 170 3124 ruli
184 3077 300 3130 solemni
320 3079 427 3132 nomine
453 3092 556 3151 vocetur
577 3083 742 3150 praemium,
767 3084 821 3142 rid.
847 3085 933 3140 Strns.
982 3085 1116 3156 exponit,'
1131 3083 1266 3152 ut'pluree
1284 3083 1313 3134 iu
1333 3080 1359 3134 id
1379 3081 1493 3150 symbola
1505 3079 1641 3134 conferent
1655 3089 1680 3132 et
1693 3079 1808 3147 jaciant.

134 3173 201 3212 tenc.
216 3162 258 3216 25.
278 3163 319 3216 rt.
340 3163 384 3214 tt.
402 3163 471 3232 quod
486 3165 669 3220 contrahatur
688 3166 717 3218 iu
737 3167 854 3237 singulos
873 3185 934 3224 ceu·
984 3173 1058 3242 Quod
1078 3187 1159 3240 genus
1177 3170 1248 3222 lusus
1266 3180 1334 3221 certo
1351 3167 1452 3219 licitum
1482 3181 1609 3218 essenon
1633 3164 1761 3233 ambigo,
1781 3165 1805 3216 si

133 3247 177 3291 ¹⁰¹²
191 3243 302 3300 thalerus
320 3249 361 3298 sei
385 3249 498 3301 florenos
525 3249 604 3318 pretii
632 3252 761 3302 mercium
786 3269 934 3309 assecurari·
984 3260 1074 3312 frende
1091 3263 1190 3318 careat,
1208 3263 1235 3308 et
1254 3270 1312 3306 euru
1342 3251 1481 3304 consensu
1503 3251 1670 3316 migietrstus
1699 3245 1801 3316 publici

131 3321 217 3392 d'lima
234 3330 336 3382 hflbilt
356 3332 459 3383 ttii⁰¹¹⁸
476 3332 613 3400 grauitatis
633 3334 764 3402 periculi,
783 3346 807 3390 et
826 3337 932 3392 itineris
982 3339 1044 3406 fiat,
1064 3340 1091 3393 id
1110 3340 1180 3392 enim
1203 3333 1381 3390 necessarium
1403 3349 1476 3396 reor,
1496 3350 1530 3384 ne
1548 3330 1626 3386 facile
1643 3331 1743 3403 aliquid
1762 3350 1806 3386 su·

125 3405 319 3481 longinquitatis
338 3415 507 3478 constituunt,
527 3415 567 3474 rel
586 3413 617 3466 ad
627 3427 776 3470 consuetum
788 3422 932 3488 praemium
984 3429 1087 3494 irrepat.
1104 3423 1157 3477 sid.
1178 3419 1269 3473 Delrio
1289 3417 1397 3488 despuis.
1412 3417 1508 3486 mugt‘c.
1519 3416 1539 3468 l.
1552 3415 1577 3468 l.
1590 3434 1613 3469 c.
1625 3411 1650 3468 ι.
1661 3411 1806 3484 perfetum

122 3488 146 3540 iu
162 3493 279 3564 singulos
301 3508 409 3550 centum
427 3513 515 3550 rerum
535 3499 763 3570 sssecurandarnns
778 3507 936 3573 respiciunt,
983 3509 1081 3562 Keller.
1102 3507 1135 3560 sie
1146 3502 1223 3576 offic.
1231 3502 1358 3572 juridico.
1370 3500 1449 3569 polit.
1462 3502 1480 3552 l.
1492 3501 1518 3552 2.
1529 3518 1554 3554 c.
1566 3502 1681 3572 aufers
1696 3500 1802 3572 infine.

120 3576 224 3642 qualiter
242 3581 428 3636 communiter
444 3597 476 3632 es
495 3582 635 3636 hollandia
654 3597 742 3636 sersus
755 3583 874 3640 Traciam
890 3589 933 3642 tt.
985 3592 1064 3646 Aliud
1082 3593 1192 3644 omnino
1210 3598 1271 3653 ιιι,
1290 3588 1311 3638 si
1330 3587 1409 3637 ollam
1431 3586 1508 3638 istam
1528 3589 1610 3640 vetito
1630 3585 1707 3641 modo
1732 3605 1805 3644 exes-

120 3677 160 3728 pm
176 3677 294 3718 centurn-
312 3668 412 3730 Versus
437 3667 575 3720 Venetiam
602 3667 647 3718 13.
673 3684 761 3720 sessus
787 3669 933 3725 Massiliam
983 3682 1088 3738 cerent,
1108 3673 1136 3724 hi
1155 3671 1239 3735 enirn,
1254 3670 1297 3721 'uti
1316 3669 1361 3723 alii
1380 3669 1526 3738 lucripetae
1543 3669 1574 3723 et'
1587 3669 1802 3739 circumferrem,

120 3745 373 3819 tneompussutur,
393 3749 493 3819 dequo
511 3750 708 3820 Marqttsrd.'d.
727 3752 746 3803 l.
764 3752 783 3804 l.
803 3753 830 3804 0.
847 3771 872 3807 c.
891 3757 935 3808 13.
985 3755 1143 3813 eliminandi
1163 3763 1257 3808 essent.
1276 3753 1350 3804 Etsi
1370 3753 1532 3822 quaesiveris
1558 3753 1590 3806 de
1615 3755 1665 3805 olla
1686 3751 1807 3810 fortunae

120 3845 187 3884 ”¹⁴¹⁸-
205 3835 252 3888 69·
985 3847 1013 3898 in
1032 3842 1182 3906 abstracto,
1200 3856 1234 3891 su
1259 3838 1289 3890 in
1317 3837 1386 3890 bene
1413 3839 1557 3891 constituta
1592 3835 1694 3906 republ.
1723 3837 1804 3890 etians

75 3921 102 3976 fl
150 3917 276 3973 termut·
297 3917 523 3983 eqntmunishsec
541 3918 605 3971 solet
622 3933 679 3970 esee
707 3917 764 3971 We
787 3920 822 3972 Ν.
848 3929 877 3972 ιι
902 3921 935 3976 Ν.
985 3943 1043 3978 cttm
1066 3923 1149 3976 licitis
1168 3921 1305 3991 requisitis
1324 3917 1488 3973 admittenda
1507 3921 1561 3985 sit,
1577 3921 1727 3989 negantium
1748 3939 1806 3991 par·

118 4000 374 4072 einn.thofteeden
387 3999 493 4055 indere
506 4001 694 4055 Assoeuruntis
718 4000 765 4072 (de
785 4003 848 4055 Gon
866 4003 934 4056 leur·
988 4020 1026 4060 ιιι
1045 4013 1177 4074 sequerer,
1190 4002 1259 4056 nihil
1277 4001 1349 4054 enim
1369 4001 1408 4054 rel
1428 4001 1607 4067 necessitatis,
1625 4003 1667 4056 sel
1684 4005 1806 4060 utilitatls

115 4085 186 4150 chre)
201 4088 269 4142 dere
288 4085 445 4155 Summssir
462 4087 542 4138 3000.
557 4085 654 4140 namt
666 4085 771 4138 Litdsclr
783 4101 843 4139 uun
856 4088 923 4140 nna
987 4090 1082 4154 hahet,
1101 4087 1173 4142 eires
1191 4105 1207 4140 a
1225 4086 1339 4156 negotiis
1357 4084 1487 4137 abstrahit
1497 4085 1512 4148 ‚'
1523 4085 1550 4135 in
1569 4085 1653 4138 otium
1674 4089 1806 4157 perducit,

114 4169 212 4224 ltsrken
226 4171 303 4224 nscft
313 4171 457 4240 Homdorg
468 4185 522 4222 nor
535 4171 560 4220 3.
572 4186 623 4240 pro
643 4180 711 4222 cent.
734 4169 769 4221 Et
786 4168 825 4222 siu
843 4170 934 4223 statim
986 4183 1013 4227 et
1030 4171 1163 4226 occasioni
1175 4182 1214 4223 est
1229 4169 1291 4222 aliis
1308 4168 1387 4222 rebus
1403 4166 1511 4219 illicitis
1529 4167 1649 4233 studeres
1669 4169 1724 4223 imo
1737 4166 1807 4226 circs
1830 4185 1835 4196 ·

115 4254 239 4322 utrinque
259 4265 320 4304 nata
339 4255 478 4314 selectio,
498 4269 548 4306 nun
567 4252 599 4303 sd
627 4253 720 4304 realem
745 4249 936 4304 exsolutionem
989 4258 1100 4328 pecnnia
1118 4264 1318 4322 emunguntur,
1347 4261 1375 4305 et
1403 4249 1528 4304 oneribus
1547 4251 1658 4320 reipubl.
1690 4251 1807 4309 ferendis

114 4339 221 4402 statius,
243 4337 293 4390 sed
312 4337 340 4389 iu
360 4353 433 4407 spent
453 4335 556 4388 futurae
574 4336 713 4388 solutionis
731 4338 771 4389 rel
793 4337 858 4388 ¹ita:
889 4337 937 4392 tce
987 4339 1070 4408 magis
1088 4339 1204 4406 impares
1223 4335 1377 4387 redduntur.
1396 4332 1471 4386 Adde
1500 4333 1539 4385 sie
1570 4334 1757 4390 Harsdoerffee
1776 4337 1806 4392 in

116 4419 148 4472 N.
177 4421 223 4473 dira
258 4421 307 4472 tlro
328 4417 446 4488 finden
473 4421 501 4471 t'n
528 4420 587 4472 dere
603 4419 793 4476 Arsecurnntt'e
812 4417 856 4485 (de
876 4421 939 4473 Gott
986 4423 1047 4478 dem
1058 4417 1456 4492 grussenSchots·PlutsLelts
1483 4417 1541 4472 und
1559 4417 1730 4474 Lustret'chet·
1757 4421 1808 4474 Ge·-

117 4500 294 4574 ienuftr)fi·r
309 4503 370 4554 ocu.
386 4501 597 4556 Marci-ldbseh
615 4500 647 4553 de
661 4503 783 4570 prnrmt'e
794 4509 853 4556 nnn
871 4503 940 4571 «frey
986 4505 1109 4559 echichen
1128 4503 1182 4556 Sat
1195 4502 1266 4556 rubr.
1279 4501 1327 4554 der
1342 4495 1521 4570 Glnckslopff.
1534 4500 1575 4552 tit.
1589 4497 1650 4566 198.
1662 4503 1706 4557 nbi
1723 4503 1803 4558 etiatu

74 4557 212 4646 1’Πιιιιιιι
236 4591 287 4642 tho
309 4587 467 4659 entfungen.
481 4588 623 4658 Quaeritur
640 4587 687 4640 hes
703 4585 837 4639 occssioue
854 4605 868 4642 s
886 4603 936 4657 qun
989 4589 1105 4642 rationes
1123 4605 1170 4656 pro
1189 4588 1237 4640 hac
1255 4586 1383 4638 sententis
1402 4582 1528 4638 facientes
1542 4585 1657 4639 adducit.
1677 4587 1728 4642 Sed
1740 4587 1807 4658 quid

120 4680 237 4742 tempore
256 4673 368 4743 periculi
387 4672 527 4740 praestatio
546 4668 676 4740 incipiat?
704 4669 885 4724 Probabiliter
902 4672 935 4724 ab
988 4671 1106 4724 siullsm
1129 4671 1207 4722 talem
1233 4683 1359 4722 exercens
1383 4667 1412 4719 iu
1443 4668 1626 4736 praesentias
1657 4668 1807 4736 magistratu
1828 4675 1837 4712 ’ἱ

120 4771 150 4807 ro
167 4767 364 4826 temporeque
381 4757 454 4808 nasis
472 4755 621 4816 toluts‚rel
640 4754 828 4816 cursneiserit,
842 4755 882 4809 rel
896 4754 939 4808 irs
988 4756 1039 4810 loci
1059 4756 1087 4806 ira
1106 4755 1269 4806 securitatem
1289 4751 1472 4821 deputatorum
1493 4749 1612 4804 fraudem
1638 4754 1806 4808 commisisse

120 4835 258 4905 debuerit,
279 4854 359 4908 nsque
375 4839 407 4891 sd
437 4840 520 4890 lucum
545 4837 585 4889 vel
616 4847 733 4906 portum,
762 4855 815 4907 qun
839 4853 939 4890 meroes
988 4839 1204 4911 deprehendatur,
1222 4835 1353 4906 quomodo
1380 4835 1527 4906 puniendus
1556 4831 1615 4888 est?
1647 4835 1720 4903 Ego,
1745 4855 1805 4890 curn
1866 4834 1870 4842 '

123 4923 321 4976 transferendae
339 4933 409 4975 sunt.
429 4921 495 4972 hdd.
518 4923 587 4974 Pete.
602 4921 728 4974 Saoterna
743 4922 776 4974 de
786 4935 900 4976 osrecur.
912 4939 939 4988 p.
989 4922 1139 4978 ssccttlariis
1157 4919 1304 4989 comparari
1336 4919 1437 4989 possit,
1469 4919 1561 4971 durius
1589 4919 1804 4989 quodammodo,

81 4991 108 5042 ¹³
124 5005 146 5056 ³.
163 5025 192 5058 n.
210 5007 260 5058 29.
281 5005 417 5058 Caeterum
435 5015 597 5058 assecuratue
615 5002 646 5055 ad
666 5005 807 5057 minimum
839 5005 939 5058 duobus
988 5023 1066 5076 quam
1085 5006 1113 5058 in
1133 5005 1280 5071 simplicem
1296 5002 1379 5058 furem
1392 5001 1648 5057 animadvertendum
1663 5021 1731 5070 seur,
1745 5007 1807 5060 tintn

124 5093 256 5158 testibus,
276 5091 316 5143 rel
333 5089 382 5142 alis
401 5089 555 5159 probatione
573 5086 751 5155 aequivalente
769 5083 878 5158 periculi
898 5104 937 5139 ca·
990 5090 1060 5141 enirn
1079 5098 1137 5143 arte
1153 5088 1263 5156 quadam
1283 5099 1310 5141 ιι
1330 5088 1358 5139 iu
1379 5087 1484 5157 publico
1502 5087 1623 5140 homiues
1639 5099 1808 5158 emungunt,

122 5191 178 5226 snm
195 5175 311 5245 probare
327 5173 421 5236 debet,
445 5171 567 5240 qnoniam
598 5170 659 5224 facti
690 5181 747 5237 est3
777 5181 803 5224 et
832 5171 938 5242 quidem
992 5173 1094 5228 duriori
1116 5189 1196 5242 poena
1217 5170 1290 5239 digni
1310 5173 1432 5223 sidentur
1450 5187 1508 5239 urg.
1520 5169 1538 5222 t.
1554 5172 1580 5222 ’1.
1601 5169 1630 5223 in
1652 5170 1765 5241 rnedffi
1777 5173 1833 5228 ele·

124 5261 301 5314 communiter
318 5261 387 5312 intra
407 5258 471 5311 tltros
491 5271 626 5310 meusess
652 5257 699 5310 tlie
727 5248 867 5322 scientiae,
888 5257 939 5310 nisi
992 5254 1249 5310 entraordetdmin.
1269 5255 1300 5306 sd
1321 5262 1431 5306 mortem
1452 5265 1536 5306 tamen
1556 5253 1620 5306 inde
1638 5256 1720 5308 solum
1748 5273 1810 5326 pos·

123 5344 369 5406 somnetudoloci,
387 5341 431 5394 ubi
451 5343 606 5394 assecuratio
625 5339 708 5407 fecta,
725 5343 765 5395 sel
783 5340 827 5393 ubi
848 5340 942 5394 solutio
993 5361 1053 5395 natu
1074 5359 1126 5394 non
1144 5340 1332 5404 extenderem,
1351 5339 1404 5390 nisi
1431 5339 1644 5392 circumstantiae
1668 5339 1734 5392 eliae
1765 5359 1809 5410 sg-

125 5425 240 5480 faeienda
273 5429 492 5480 escnuventioue
510 5426 747 5492 contrahentium,
774 5429 844 5480 aliud
864 5426 941 5480 feret.
992 5435 1125 5496 grarctttes
1144 5443 1167 5477 r.
1186 5438 1222 5492 gr.
1242 5421 1371 5476 reiteratio
1392 5421 1478 5485 trina,
1498 5422 1537 5474 rel
1568 5421 1670 5474 similes
1699 5439 1809 5477 concur·

125 5508 213 5563 Etsio
231 5513 260 5562 in
279 5511 425 5564 unirersnm
445 5519 619 5563 assecuratnro
639 5526 671 5562 cs
690 5510 887 5566 haccontractn
912 5530 937 5565 a·
992 5521 1064 5570 rent.
1083 5527 1212 5580 quocasu
1231 5524 1341 5578 poenam
1361 5505 1449 5560 ultimi
1467 5506 1594 5578 supplicii
1613 5508 1698 5560 locutu
1729 5506 1809 5562 habe·

126 5604 244 5659 murum,
264 5595 375 5664 probare
389 5603 490 5663 oportet
510 5593 550 5664 (t)
569 5605 713 5646 contractus
731 5591 821 5649 fnlem.
846 5597 888 5668 (2)
908 5599 942 5651 Se
993 5613 1038 5658 re,
1059 5609 1135 5647 nemu
1154 5591 1202 5645 ibit
1222 5585 1332 5642 inlicite·

129 5698 159 5732 es
176 5691 322 5736 contractus
339 5681 397 5751 legs
414 5679 541 5746 solvisse,
557 5680 646 5733 otnnie
666 5681 737 5736 enirn
756 5692 828 5736 uetur
854 5701 868 5736 a
895 5699 940 5737 sus

1822 1032 1857 1085 fl
