4252 6164
359 271 413 325 ata
534 237 538 244 ’
905 259 1095 318 ιιιιιιιιιτ.
1112 261 1188 316 vttt.
1207 263 1324 320 etnua
1344 264 1367 318 ι.
1884 257 1938 315 ten

301 384 334 420 ex
351 383 426 421 cauas
446 363 530 418 mrrtni
548 363 679 431 loquatur,
697 353 830 428 siquidem
849 356 905 424 ejus
922 365 1019 410 tantuna
1033 373 1122 408 exem·
1175 356 1207 408 de
1228 367 1312 410 contr.
1331 367 1411 424 empt.
1429 357 1458 410 in
1478 375 1537 412 casu
1555 355 1623 410 band
1641 353 1772 410 dissimili
1791 354 1932 424 respondite
1945 353 1994 412 sed

302 452 340 520 pli
358 452 441 520 gratia
461 448 501 501 ibi
522 443 622 497 mentio
640 438 693 506 stt,
712 451 739 494 et
758 442 796 494 sic
813 441 885 510 quud
911 439 944 492 dc
969 445 1059 491 mutuo
1085 440 1122 490 ibi
1174 445 1254 496 ctiam
1275 443 1302 496 in
1322 445 1383 497 aliis
1401 443 1486 507 rebus,
1503 463 1568 515 quae
1586 439 1997 502 consensncnntrabnntnr,rtuu

301 539 472 610 exprimitur,
490 535 570 588 etiam
591 531 618 581 in
639 529 691 580 alin
716 541 880 595 quocumque
903 521 993 576 debito
1017 537 1050 573 cx
1076 521 1125 574 atta
1175 529 1238 594 qnid
1258 528 1365 591 dictum,
1384 529 1429 582 sed
1447 517 1511 598 qnid
1529 539 1616 582 actum
1635 527 1679 592 sit,
1699 543 1844 594 sequamur.
1863 523 1882 576 1.
1900 523 1942 577 31.
1951 523 1995 596 ff

302 637 465 692 quacumque
482 635 556 671 causa
575 615 659 666 ineram
681 611 775 664 babere
794 621 882 678 potest.
902 623 960 676 urg.
979 607 1028 674 teg.
1055 623 1125 676 quae
1162 614 1208 666 ‘de
1226 629 1248 664 r.
1262 614 1285 680 7⁸.
1305 613 1343 667 Ex
1363 613 1441 667 dictis
1459 623 1572 677 constat,
1592 612 1635 666 six
1656 609 1755 681 aliquid
1775 606 1888 678 reperiri
1901 644 1910 671 ,
1923 609 1997 678 qood

304 703 488 758 dedicationis.
497 698 538 768 ff.
556 699 588 751 de
606 713 629 750 r.
644 697 665 765 ι’.
685 694 764 746 ruodo
788 692 914 747 debitoris
938 691 1069 742 uoluntate
1094 687 1125 740 ad
1177 698 1316 766 pignorum
1332 697 1529 752 distractionem
1542 697 1678 767 impedire
1693 693 1783 761 possit.

303 806 364 842 eum
385 787 539 858 pervenerit.
557 781 721 834 Extenditnr
740 777 789 830 boc
807 793 911 847 quoque
929 776 961 827 ad
980 775 1031 826 alia
1054 771 1125 825 debi·
1213 782 1354 836 videamus
1374 799 1451 846 nune,
1471 782 1536 853 qnid
1556 783 1613 850 ipsa
1634 781 1783 842 distractio,
1802 785 1831 828 ut
1848 773 1929 828 finem
1951 775 1995 830 in.

306 882 340 930 ta.
359 866 579 936 quemadmodum
601 862 646 913 itta
666 859 748 910 reiert
765 858 940 926 Nessutflssiiist
956 872 985 922 p.
999 856 1024 908 ii·
1047 871 1082 906 m·
1102 854 1125 906 θ’
1179 875 1280 918 tentum
1299 877 1483 934 consequntur.
1504 868 1635 935 requirat.
1655 865 1708 917 llic
1729 861 1893 924 notandum,
1917 860 1997 913 attam

306 971 383 1006 num.
402 953 446 1004 13.
464 963 490 1005 er
507 968 578 1018 seqq.
597 947 652 1000 Ubi
673 955 761 996 tarnen
781 943 808 994 in
828 940 960 1012 aliquibus
976 939 1000 991 ei
1026 939 1127 991 limile·
1176 964 1234 1001 esse
1251 949 1377 1001 rationem
1393 949 1556 1003 distrahendi
1569 949 1688 1020 pignoris
1700 944 1996 1015 consentionaiis(qurc

306 1037 391 1107 ponit,
411 1037 450 1089 nti
469 1033 555 1086 tuains
580 1029 648 1099 sputi
674 1045 733 1080 ‘⁰¹¹¹
760 1026 805 1077 011-
831 1026 880 1078 Ῑσῦ·
906 1023 1004 1094 pisserii
1027 1023 1127 1076 'ideti-
1179 1043 1264 1084 tamen
1282 1032 1362 1084 etiarn
1383 1033 1486 1101 pignori
1509 1033 1588 1087 tacito
1614 1031 1747 1101 quadrat)
1772 1030 1852 1082 aliam
1878 1031 2000 1099 pignoris

309 1121 375 1175 Cum
395 1123 480 1189 itaque
500 1119 563 1169 satia
582 1123 717 1181 appareat,
736 1109 895 1164 creditorem
915 1125 963 1177 pro
981 1104 1071 1159 debito
1087 1110 1128 1174 jus
1177 1115 1309 1181 iudicialis
1328 1125 1355 1168 et
1373 1117 1510 1185 praetorii.
1530 1117 1604 1170 Circa
1625 1116 1690 1168 banc
1710 1131 1835 1183 quaenam
1855 1114 1999 1168 observen-

306 1205 445 1260 retincndi
466 1202 575 1270 pignora
597 1197 706 1254 babere.
727 1210 890 1263 consequens
913 1191 1025 1245 cannino
1048 1203 1128 1261 puto,
1180 1211 1222 1252 tur
1240 1199 1435 1255 ridFrantelt.
1455 1201 1535 1270 alleg.
1557 1201 1610 1254 loc.
1634 1216 1708 1252 rrum.
1733 1197 1777 1248 92.
1802 1206 1828 1248 et
1857 1195 1942 1251 Coler-
1966 1199 1997 1251 r'n

305 1305 365 1342 enm
385 1288 475 1338 ettdean
495 1287 553 1352 jure
572 1281 651 1334 etiam
672 1298 721 1349 pru
739 1282 812 1330 omni
833 1297 878 1342 en,
898 1276 965 1346 quod
983 1275 1074 1330 debito
1092 1291 1130 1328 sn·
1177 1301 1293 1352 process.
1306 1295 1501 1352 caecubpnrte
1522 1287 1547 1337 3.
1564 1303 1624 1352 cop.
1643 1283 1669 1336 9.
1688 1294 1715 1336 et
1732 1281 1857 1349 Carpzor.
1874 1287 1949 1348 part.
1972 1285 1998 1336 1.

306 1371 389 1434 cadit,
407 1368 528 1436 gaudere.
550 1369 619 1418 ilinc
637 1365 743 1417 dabitur
762 1363 786 1414 ei
815 1363 928 1414 retentio
953 1377 1000 1430 pro
1027 1361 1129 1424 usuris,
1179 1385 1202 1422 ο,
1221 1366 1367 1436 anserme
1383 1385 1431 1434 per
1448 1370 1542 1437 integr.
1567 1367 1621 1420 Ubi
1646 1365 1710 1436 quid
1738 1365 1764 1417 iu
1792 1363 1850 1416 iuro
1875 1363 2001 1418 naontco

307 1457 361 1510 rire
383 1457 410 1507 in
431 1453 629 1522 stipulationem
651 1451 706 1502 sint
726 1449 862 1510 detifltista
881 1447 936 1498 ’itt
954 1463 1015 1498 ¹³⁰⁰·
1040 1446 1059 1496 1·
1086 1447 1131 1496 11.
1180 1453 1249 1505 circa
1268 1469 1324 1505 earn
1342 1451 1476 1516 obtineat,
1495 1450 1615 1521 pluribus
1632 1449 1744 1503 deducit.
1763 1449 1838 1501 lllam
1856 1463 1928 1512 sero,
1940 1449 2000 1501 scil.

306 1542 329 1606 ς.
349 1543 374 1590 3.
386 1538 427 1607 ff.
446 1537 479 1591 de
498 1538 638 1609 pignoret.
657 1533 715 1586 Into
735 1551 783 1602 pro
803 1532 870 1601 ipsis
895 1533 975 1584 etiarn
1002 1529 1130 1598 impensis
1181 1539 1299 1608 pignoris
1332 1537 1541 1592 eoneeottooatta
1578 1534 1801 1598 distractionem,
1831 1533 1902 1603 qnod
1933 1534 2001 1588 attt-

306 1622 336 1673 in
356 1622 453 1690 pignus
475 1622 561 1672 factis.
581 1620 599 1669 i·
619 1618 685 1668 oc.
704 1616 1039 1684 dept'sn·Psr²2·⁶⁰mm·
1056 1611 1129 1668 mid·
1181 1631 1246 1686 net,
1268 1622 1364 1672 iterum
1386 1621 1472 1674 notari
1501 1631 1619 1675 meretur
1641 1621 1719 1673 aliana
1745 1637 1801 1674 esse
1822 1616 1999 1686 iudicialem,

306 1713 326 1754 r.
345 1721 421 1756 num.
440 1705 482 1758 lit,
502 1703 533 1756 Et
555 1702 616 1754 haec
633 1699 716 1770 quoad
737 1699 879 1752 secundum
899 1699 976 1765 liujus
990 1699 1055 1765 juris
1068 1697 1130 1750 cii'e·
1180 1722 1238 1756 cnm
1263 1703 1379 1758 creditor
1403 1708 1584 1758 auctoritatem
1614 1703 1711 1771 iudicii
1736 1703 1882 1772 implorat,
1904 1715 1931 1758 ut
1954 1704 2001 1759 de·

304 1787 436 1858 ctum.(3)
454 1789 512 1842 Non
533 1789 621 1840 miuus
639 1785 770 1837 commodi
790 1800 824 1837 etr
842 1782 1129 1852 inrepignuradistra·
1183 1789 1297 1840 bitorem
1326 1789 1357 1839 ad
1385 1789 1537 1842 solvendum
1566 1789 1730 1857 compellat,
1761 1789 1800 1841 rel
1824 1788 1880 1842 boc
1912 1807 1943 1841 eo
1966 1787 2003 1840 ia·

305 1871 385 1924 bendi
405 1873 586 1924 creditoribus
604 1870 727 1938 emergit,
747 1870 850 1922 licitum
871 1869 970 1921 etenim
989 1875 1030 1921 est
1046 1867 1130 1919 credi·
1179 1889 1239 1925 cere
1270 1883 1405 1924 recusante
1439 1875 1549 1942 pignora
1583 1871 1790 1938 distrabantur,
1830 1882 1858 1925 et
1891 1871 1920 1924 in
1951 1871 2002 1926 bac

305 1957 365 2018 turi,
384 1955 505 2008 debitore
523 1971 574 2006 nun
596 1953 721 2015 solvente,
740 1953 846 2020 pignus,
865 1951 933 2019 quod
952 1949 1130 2020 persequendo
1181 1957 1268 2019 idam,
1296 1955 1363 2023 quod
1387 1957 1416 2007 in
1447 1955 1619 2007 distractione
1644 1957 1764 2024 pignoris
1787 1955 1941 2024 judicialis,
1965 1955 2000 2010 de

307 2051 462 2093 consecutus
479 2050 537 2104 est,
555 2041 592 2091 tel
613 2053 645 2090 ex
673 2047 809 2089 contractu
837 2035 978 2098 traditum,
1007 2034 1130 2086 hactenus
1180 2057 1229 2109 qna
1253 2041 1357 2106 allegati
1384 2037 1426 2092 dd.
1452 2036 1578 2091 obtinet.
1607 2036 1666 2090 Atta
1695 2055 1755 2092 seru
1783 2048 1824 2090 est
1852 2037 1999 2106 extrajndi·

306 2123 428 2188 retinnit,
448 2127 505 2192 jure
525 2141 581 2186 atto,
602 2122 647 2173 aed
675 2119 839 2174 cont-enienti
867 2117 945 2171 modo
970 2117 1131 2170 distrahere.
1181 2125 1277 2185 cisiis,
1305 2134 1329 2175 et
1358 2121 1437 2188 buius
1460 2123 1597 2190 praecipua
1621 2121 1747 2192 requisita
1777 2121 1840 2174 haec
1862 2129 1924 2174 snut
1954 2121 2000 2192 (t)

304 2205 647 2276 narentanorum
669 2203 1131 2271 daattcnaodoadjcctumannon
1182 2211 1270 2262 utin
1295 2225 1367 2260 mora
1400 2205 1538 2258 solutionis
1568 2203 1670 2260 debitor
1700 2205 1735 2257 sit
1757 2207 1925 2258 constitutus.
1947 2203 2000 2272 teg.

310 2291 331 2342 1·
352 2290 377 2341 i·
395 2290 428 2342 ‘i‘
446 2293 587 2360 Pielwi'ssi·
607 2301 658 2342 ⁰⁰⁸·
671 2290 762 2360 11101·
777 2289 796 2338 i·
816 2289 859 2339 12·
879 2285 942 2356 §ms
960 2287 1007 2356 qni
1020 2294 1068 2350 W
1102 2283 1131 2336 in
1181 2297 1206 2346 t.
1237 2293 1277 2347 iii
1293 2301 1416 2344 cenante
1440 2289 1489 2360 ieg.
1522 2289 1566 2340 11.
1589 2307 1643 2360 cup.
1669 2291 1701 2343 de
1721 2288 1841 2340 distruct.
1864 2286 1936 2357 pigra.
1963 2285 2002 2338 Et

303 2372 379 2442 111811·
399 2375 563 2441 Quiffliifflm
585 2381 673 2424 '⁸0⁰⁰
691 2371 842 2440 ’11311131οι
862 2388 892 2422 ‘⁰
909 2367 1130 2439 q⁰⁰d⁰¹i¹i¹³i⁶¹¹¹
1182 2379 1229 2430 hun
1246 2378 1286 2430 rei
1312 2393 1358 2443 per
1378 2374 1616 2444 ‘interpellationem
1642 2371 1783 2424 creditoris
1808 2371 1827 2422 1.
1853 2368 1896 2423 10.
1918 2388 1940 2424 c.
1964 2369 2001 2424 de

305 2467 415 2526 propter
434 2457 508 2508 modi
530 2464 556 2506 et
578 2457 705 2524 temporis
722 2454 979 2513 determinationem,
990 2449 1131 2502 secundum
1179 2461 1252 2530 pfgn,
1270 2459 1288 2512 ι,
1307 2459 1350 2509 32.
1360 2456 1401 2526 ff.
1419 2459 1450 2510 de
1469 2473 1540 2510 nour.
1566 2457 1620 2508 siae
1646 2473 1692 2523 per
1718 2457 1818 2524 lapsum
1845 2455 1899 2508 diei
1926 2457 2001 2507 antu.

307 2558 386 2606 quarn
409 2556 449 2593 res
469 2539 601 2594 tendenda
622 2558 685 2608 prae
705 2555 733 2591 ae
751 2539 827 2604 ierat,
846 2539 926 2604 adjici
946 2538 1025 2589 soleat
1045 2535 1061 2588 i.
1089 2534 1131 2586 11.
1182 2545 1247 2594 stunt
1268 2539 1605 2610 praefixae‚1,7,0.der.
1625 2549 1651 2594 er
1669 2539 1687 2590 t.
1708 2531 1792 2592 1220,
1817 2538 1850 2590 da
1870 2538 2002 2590 contrad.

307 2629 330 2686 1·
340 2619 406 2690 [θ’.
418 2623 451 2675 de
464 2623 560 2677 divers.
573 2635 652 2690 serap.
664 2637 783 2690 praescr.
797 2631 823 2671 et
834 2622 852 2674 t.
866 2623 891 2671 8.
901 2627 920 2682 §.
930 2620 975 2674 nir.
984 2617 1017 2670 de
1027 2620 1132 2686 pigner·
1179 2625 1271 2690 stipiti.
1283 2625 1460 2693 Negnsantius
1475 2623 1506 2676 ale
1518 2625 1590 2693 pigre.
1602 2642 1628 2688 p.
1642 2624 1665 2674 ti.
1680 2625 1707 2675 iu
1723 2624 1750 2674 1.
1762 2641 1790 2675 ιι.
1804 2624 1831 2675 1.
1843 2619 1895 2691 (2.)
1914 2629 1942 2671 ut
1962 2621 2001 2672 ie-

310 2707 363 2759 Scd
383 2709 447 2776 quid
467 2707 489 2758 si
511 2719 615 2776 pactum
636 2705 667 2756 dc
686 2723 737 2758 non
751 2703 889 2757 alienando
902 2705 1031 2767 adjectum
1044 2699 1131 2764 suerit,
1181 2710 1276 2778 giumo
1296 2709 1372 2760 modo
1391 2703 1439 2759 bat
1458 2707 1477 2759 i.
1496 2709 1523 2759 t.
1539 2705 1559 2759 1.
1576 2707 1603 2758 9.
1621 2725 1644 2760 c.
1661 2707 1687 2758 ai.
1713 2715 1733 2759 t.
1754 2706 1799 2776 qui
1826 2704 1999 2774 potissimum

307 2807 376 2841 anne
395 2790 443 2843 hoc
461 2791 661 2842 distractionem
681 2786 835 2856 impediet?
852 2787 967 2839 Minime
979 2785 1057 2851 peri.
1070 2783 1095 2833 1.
1108 2795 1133 2836 et
1182 2797 1209 2846 tn
1229 2808 1258 2843 ω
1276 2790 1409 2856 consistit,
1428 2801 1455 2843 nt
1472 2789 1538 2842 bona
1557 2785 1619 2852 fide,
1638 2788 1666 2840 id
1684 2797 1732 2851 est,
1751 2807 1779 2840 ea
1793 2787 1932 2854 diligentia
1954 2787 2000 2837 ..1.

308 2873 333 2924 11.
342 2871 387 2942 ff
406 2875 437 2928 de
457 2875 574 2928 distruct.
591 2875 663 2944 pigra.
682 2872 749 2926 Nam
769 2873 827 2925 talis
845 2871 998 2934 cunrcntio,
1018 2868 1132 2938 pignori,
1182 2875 1281 2936 bibita,
1300 2892 1350 2942 qna
1369 2873 1432 2925 alias
1450 2872 1562 2940 diligens
1581 2869 1768 2940 paterfamilias
1795 2872 1822 2922 in
1843 2887 1871 2923 re
1887 2871 2000 2940 propria

305 2958 374 3028 quud
394 2960 424 3010 ati
441 2955 522 3012 finem
545 2959 649 3012 debitae
666 2960 833 3026 quantitatis,
854 2956 1011 3014 acndtttoui.
1034 2955 1131 3006 aliena·
1181 2957 1315 3010 vendenda
1334 2955 1373 3006 uti
1399 2955 1549 3019 consuerit,
1574 2956 1684 3024 pignore
1710 2953 1898 3006 distrabantur.
1923 2953 2002 3006 Sole·

307 3039 405 3094 tinnire
425 3043 536 3094 outnino
556 3042 699 3095 simileest
719 3041 815 3108 t.s.§.
840 3042 865 3091 3.
883 3037 925 3107 ff.
945 3037 1040 3109 quibus
1064 3036 1133 3088 mod.
1183 3042 1317 3094 mnitstem
1337 3056 1397 3092 vern
1415 3037 1484 3106 qnod
1503 3037 1605 3100 attinet,
1625 3038 1744 3103 interest,
1758 3055 1820 3089 nunt
1835 3037 1867 3090 de
1878 3037 2002 3090 alienan-

304 3126 380 3195 pige.
393 3125 459 3178 scin.
473 3137 499 3178 et
512 3127 531 3179 1.
544 3127 569 3177 3.
585 3129 604 3183 i.
619 3128 644 3177 1.
647 3124 687 3194 ff
699 3123 733 3180 de
746 3123 821 3176 distr.
832 3125 940 3192 pigner.
953 3123 1062 3184 omnino
1075 3137 1133 3172 con·
1182 3123 1216 3174 do
1234 3132 1335 3188 pactum
1357 3123 1392 3172 ait
1410 3121 1537 3188 adjectum
1558 3123 1597 3174 tel
1618 3137 1681 3185 non,
1699 3121 1721 3173 si
1741 3124 1831 3192 prius,
1851 3138 1902 3174 nnn
1929 3138 2002 3178 rene·

307 3209 386 3262 traria
402 3209 533 3273 indicatur
548 3228 607 3278 urg·
619 3210 637 3260 1.
653 3211 710 3260 bc.
737 3209 769 3260 de
793 3219 864 3273 pact.
887 3209 1023 3278 pignoret.
1050 3203 1132 3275 Quasi
1183 3204 1296 3258 uantum
1315 3204 1348 3257 ab
1366 3222 1405 3265 eo,
1424 3203 1474 3255 alia
1492 3215 1577 3257 tamen
1596 3203 1999 3275 denunciatione,praeteream,

309 3293 504 3364 perillamboc
521 3293 717 3354 intendatur,ut
732 3291 834 3345 debitur
849 3288 1135 3358 eaiegeobligatusait
1181 3306 1231 3357 qua
1250 3286 1354 3340 debitor
1374 3287 1402 3337 in
1422 3303 1492 3339 mora
1512 3287 1666 3339 constitutus
1691 3298 1743 3355 est,
1767 3287 1834 3340 band
1861 3299 1900 3341 cat
1923 3306 2001 3359 opus.

310 3377 696 3445 nennqnamadrersusillum
713 3373 898 3445 hypothecaria
924 3371 936 3438 (
950 3373 978 3426 in
1004 3373 1132 3441 personali
1184 3373 1212 3424 st
1233 3389 1294 3424 sero
1313 3371 1371 3436 hoc,
1391 3385 1426 3422 su.
1445 3371 1466 3422 ri
1487 3370 1556 3424 nihil
1575 3371 1607 3422 de
1625 3388 1655 3422 en
1674 3372 1702 3422 in
1721 3381 1855 3425 contractu
1871 3371 2004 3425 ineritdi-

310 3456 383 3508 enim
399 3461 469 3511 altnd
493 3460 625 3529 obtinet)
644 3461 802 3528 experiatur.
829 3455 1057 3523 Quemadmodum
1082 3454 1134 3505 ele·
1184 3464 1273 3518 ctum,
1294 3464 1356 3506 tunc
1374 3453 1566 3518 nibilominus,
1585 3457 1693 3523 reperta'
1713 3454 1740 3505 in
1765 3453 1884 3508 debitore
1910 3471 2002 3522 mura,

309 3549 399 3610 gauter
415 3543 529 3610 loquitur
543 3545 701 3595 Hortensius
715 3543 753 3596 od
767 3541 791 3611 ᾖ.
808 3543 832 3592 1.
846 3542 906 3593 inst.
932 3538 1028 3610 quibua
1049 3538 1132 3593 niien.
1184 3541 1313 3593 vendendi
1331 3543 1372 3607 jus
1390 3550 1416 3594 ct
1435 3541 1543 3594 incultas
1562 3557 1593 3593 ex
1613 3542 1667 3610 ipsa
1681 3553 1828 3594 contractus
1842 3555 1932 3596 natura
1945 3561 2000 3598 cre·

309 3625 457 3678 licentium
472 3643 524 3694 quo
537 3627 620 3680 sentit
643 3625 767 3679 Frantzl.
785 3633 930 3678 comment.
938 3621 980 3692 ff.
998 3623 1035 3676 nd
1060 3634 1078 3676 t.
1100 3621 1135 3676 de
1185 3624 1267 3675 ditari
1285 3623 1371 3676 datur.
1391 3623 1407 3675 i.
1427 3625 1451 3677 8.
1471 3625 1486 3676 t.
1508 3627 1552 3676 13.
1562 3622 1604 3691 ff.
1623 3624 1655 3676 de
1673 3625 1789 3678 dista-act.
1807 3625 1881 3696 pigre.
1899 3627 1917 3677 1.
1938 3630 1965 3680 1.
1978 3647 2002 3681 c.

310 3709 385 3762 ἀίειν.
402 3709 476 3778 pigra.
497 3727 572 3761 nnus.
587 3709 613 3763 1.
631 3707 665 3760 Et
679 3725 742 3761 sane
752 3708 793 3760 oni
807 3706 947 3760 commodo
960 3725 1015 3762 rena
1026 3707 1096 3782 apud
1108 3725 1136 3759 se
1185 3707 1383 3778 depannpign.
1409 3709 1511 3762 Barim.
1538 3708 1630 3762 Pistor.
1649 3727 1674 3776 q.
1694 3709 1736 3759 13.
1755 3718 1779 3759 et
1798 3726 1834 3760 ex
1853 3728 1884 3762 eo
1904 3703 2001 3781 Carpe.

309 3794 374 3846 alias
387 3793 501 3846 otiosam
518 3790 760 3854 tenebitcreditnr,
779 3789 802 3841 ai
829 3789 881 3858 ipsi
907 3806 963 3843 earn
989 3790 1137 3844 distrahere
1183 3811 1212 3863 p.
1231 3795 1254 3843 1.
1273 3802 1357 3843 const.
1375 3791 1401 3842 3.
1418 3790 1473 3858 siff.
1493 3793 1556 3843 133.
1575 3803 1601 3844 ιιι
1625 3800 1712 3842 autem
1739 3793 1769 3842 in
1798 3808 1869 3845 mora
1895 3791 2001 3848 debitor

311 3875 601 3942 nonpermittstur,ut
619 3871 683 3924 inde
706 3875 747 3940 jus
770 3887 845 3924 suum
872 3883 1058 3941 consequatur.
1082 3871 1136 3941 Qui
1186 3877 1370 3937 constituatur,
1395 3871 1495 3926 sufficit
1521 3875 1600 3926 semel
1619 3874 1642 3925 ei
1667 3875 1893 3930 denunciationem
1920 3875 2004 3930 inisse

312 3957 401 4026 itaque
413 3958 468 4009 ruit
484 3957 653 4022 antecedens,
668 3967 694 4010 ut
708 3963 823 4008 mutinam
851 3954 908 4006 scil.
926 3957 1039 4026 accipiat
1062 3973 1138 4026 pecu·
1186 3957 1282 4010 iactam
1302 3957 1319 4009 1.
1327 3956 1359 4026 s.
1377 3976 1397 4010 c.
1416 3959 1512 4029 dejur.
1526 3955 1595 4010 dom.
1615 3959 1720 4025 imperr.
1742 3963 1831 4012 Postea
1845 3977 1904 4012 tero
1917 3960 2005 4014 adbuc

311 4040 397 4104 niam,
411 4059 576 4111 consequens
589 4043 678 4102 etiarn,
692 4039 760 4108 quud
774 4039 836 4092 inde
848 4037 968 4108 profluit,
988 4051 1017 4092 ut
1042 4041 1136 4111 pignus
1187 4043 1319 4112 integrum
1340 4043 1476 4095 biennium
1495 4043 1621 4094 creditori
1640 4043 1841 4110 expectandum,
1856 4049 2001 4114 'antequam

313 4128 492 4194 suppositum,
508 4129 529 4178 si
547 4126 684 4192 credituri,
696 4125 917 4194 quemadmodum
944 4123 1061 4188 decebat,
1084 4141 1137 4176 nun
1186 4129 1324 4198 pignorum
1346 4129 1540 4181 distractionem
1560 4127 1692 4197 suscipere
1711 4129 1800 4182 aateat.
1814 4128 1924 4183 Deducit
1937 4129 2002 4182 baec

314 4209 484 4274 satisfecerit,
499 4209 671 4271 distrahatur,
700 4208 771 4271 vetit,
796 4211 907 4260 omniun
929 4211 981 4275 juri
1007 4219 1139 4262 consenta-
1186 4211 1306 4280 pluribus
1326 4211 1461 4262 Hartman.
1484 4212 1574 4264 Pistor.
1594 4212 1617 4261 d.
1637 4231 1662 4278 q.
1683 4211 1727 4262 1⁸.
1746 4231 1772 4263 n.
1795 4214 1837 4261 11.
1857 4219 1879 4273 ς.
1897 4229 2002 4266 nerum·

315 4309 394 4344 neum
409 4305 459 4346 est.
473 4295 592 4346 Declarrt
606 4292 654 4345 buc
668 4292 755 4359 ipsum
771 4291 871 4358 egregie
884 4293 900 4344 l.
916 4295 941 4344 1.
965 4309 990 4344 c.
1013 4289 1047 4343 de
1067 4301 1137 4360 poet.
1187 4305 1278 4347 tamen
1298 4311 1353 4345 non
1372 4311 1416 4346 eu.
1435 4292 1464 4344 Si
1485 4309 1543 4344 tero
1561 4293 1595 4344 ita
1614 4303 1768 4346 contentum
1788 4292 1874 4356 inerit,
1888 4295 2005 4366 (dequo

313 4376 390 4444 pigra.
404 4375 456 4429 Ubi
472 4393 531 4428 cum
546 4387 735 4445 proponeretur
757 4375 862 4427 debitor
878 4386 968 4442 pactus
988 4390 1060 4440 csse,
1085 4375 1139 4426 nisi
1188 4377 1293 4447 snpra)
1312 4375 1381 4428 trina
1401 4375 1571 4428 denunciatio
1589 4379 1750 4446 requiritur,
1774 4379 1838 4430 alins
1862 4379 1933 4430 enim
1956 4399 2008 4444 per

314 4457 383 4510 intra
397 4469 521 4511 statutum
538 4471 641 4526 tempus
655 4456 832 4509 creditoribus
853 4455 1028 4520 i'stisiecerit,
1051 4471 1137 4510 cessu·
1186 4461 1204 4511 l.
1224 4459 1248 4512 1.
1258 4457 1299 4527 ff.
1313 4461 1345 4512 de
1356 4459 1428 4528 piru.
1447 4470 1499 4512 oct.
1519 4475 1550 4510 ex
1568 4477 1617 4527 qna
1635 4459 1653 4511 l.
1671 4461 1716 4512 73.
1735 4460 1767 4511 de
1779 4459 1856 4527 surr.
1875 4461 2006 4529 interpre—

317 4559 376 4596 runs
392 4559 419 4594 se
432 4543 608 4595 creditoribus
622 4541 829 4609 hypothecarum
843 4539 1030 4601 venditionem
1046 4540 1138 4592 rescrl·
1189 4544 1283 4608 tanda,
1303 4543 1421 4596 creditor
1439 4545 1513 4612 prins
1531 4543 1645 4595 vendens
1669 4541 1736 4596 inrti
1767 4542 1908 4595 tenebitur.
1934 4545 2007 4598 llaec

313 4625 439 4692 bebatur,
459 4645 518 4679 curn
538 4625 696 4694 hypothecae
710 4623 889 4677 venditionem
902 4641 955 4676 uon
968 4623 1139 4688 contrastare,
1187 4645 1248 4680 seru
1265 4638 1335 4681 terna
1360 4625 1528 4680 denunciatio
1550 4626 1586 4677 tta
1609 4637 1754 4695 comparata
1781 4641 1837 4676 esse
1863 4623 1954 4688 debet,
1981 4641 2009 4684 nt

316 4711 403 4766 sediti
421 4710 513 4766 saltent
527 4709 768 4780 comprehendisse,
781 4709 849 4778 quod
869 4711 927 4777 jure
952 4727 998 4763 sun
1023 4709 1140 4764 creditor
1190 4712 1328 4764 interrsllc
1346 4711 1434 4780 siiqno
1452 4726 1503 4764 non
1525 4707 1611 4762 minus
1631 4709 1718 4762 decem
1746 4709 1848 4762 dierum
1872 4729 1885 4759 a
1912 4726 1939 4760 se
1965 4709 2007 4759 di·

317 4799 346 4850 in
359 4797 532 4868 adipiscendo
548 4796 657 4865 pignore
671 4795 809 4848 habiturus
819 4801 894 4846 esset.
905 4793 976 4846 Patet
990 4792 1053 4847 inde
1067 4793 1140 4858 satis,
1189 4806 1255 4850 stete
1274 4808 1350 4866 atque
1369 4799 1408 4850 sic
1427 4808 1482 4866 post
1501 4796 1612 4864 triginta
1629 4794 1733 4848 demunt
1751 4795 1807 4848 dies
1833 4793 1931 4863 pignus
1950 4807 2006 4845 cre·

316 4881 368 4934 boc
381 4884 423 4949 jus
435 4896 494 4932 cnm
509 4879 576 4948 ipsis
589 4878 745 4947 pignoribus
760 4887 857 4940 natum,
878 4881 913 4930 ita
936 4875 1006 4948 ipsis
1028 4888 1140 4933 coarcta·
1190 4881 1271 4935 ditori
1292 4881 1402 4934 rendere
1420 4879 1505 4932 liceat.
1526 4879 1601 4948 Quod
1622 4875 1708 4948 ipsum
1729 4878 1820 4930 multis
1833 4878 1861 4929 tl.
1876 4875 1914 4929 uti
1928 4877 1947 4929 1.
1959 4876 2005 4930 nt.

316 4969 375 5012 tuan
390 4978 455 5026 esse,
469 4973 497 5013 ut
511 4960 574 5014 inde
586 4961 660 5012 avelli
677 4959 746 5011 baud
769 4962 866 5027 possit,
886 4959 940 5012 Nec
959 4959 1053 5023 obest,
1071 4959 1140 5030 quod
1190 4972 1212 5028 ς.
1232 4967 1258 5017 1.
1270 4967 1304 5019 de
1314 4975 1397 5020 const.
1410 4981 1507 5035 pennu.
1519 4976 1545 5016 et
1556 4964 1576 5015 1.
1587 4963 1632 5014 dd.
1643 4974 1668 5015 ct
1680 4963 1725 5014 dli.
1744 4962 1777 5014 de
1789 4961 1852 5032 jud.
1871 4971 2009 5014 consensa.

319 5047 356 5098 ita
371 5047 442 5099 inter
461 5059 489 5097 se
512 5046 695 5106 convenerint,
717 5059 764 5092 nec
785 5040 931 5096 distrahere
950 5043 1056 5104 liceret;
1079 5061 1139 5095 nam
1191 5067 1266 5103 ncnm
1278 5052 1416 5119 reperitur.
1432 5047 1534 5102 Besold.
1548 5048 1576 5100 in
1590 5047 1651 5100 diss.
1671 5045 1824 5116 repignor-
1847 5055 1911 5096 rect.
1929 5043 1956 5094 fl·
1976 5061 2007 5095 u·

318 5131 357 5181 nti
371 5143 403 5179 ex
420 5126 503 5180 dictis
520 5139 598 5197 patet,
613 5127 662 5178 hac
676 5126 795 5195 pactione
809 5143 860 5179 non
873 5125 900 5177 id
914 5125 1141 5194 agitur,neomni-
1193 5137 1239 5185 Η,
1257 5133 1380 5186 optut...
1399 5137 1428 5186 ἦ..
1441 5135 1507 5204 app,
1519 5133 1551 5186 ,te
1560 5133 1667 5203 pignos,
1680 5133 1717 5182 11.,
1731 5130 1793 5182 371,
1811 5137 1837 5182 22
1857 5130 1918 5180 373,
1938 5126 2005 5180 con.

318 5228 354 5263 no
372 5211 457 5262 liceat:
473 5229 530 5263 nam
546 5212 581 5263 ita
595 5211 690 5279 pignus
703 5209 800 5261 inutile
812 5220 880 5262 esset
893 5209 1019 5263 creditori
1031 5231 1039 5274 ς
1051 5219 1077 5262 et
1095 5228 1138 5279 pa·
1191 5215 1259 5270 renit
1272 5216 1320 5269 boc
1334 5229 1465 5285 praeterea
1478 5217 1528 5282 legi
1541 5231 1589 5270 xn.
1609 5215 1677 5267 tabb.
1692 5213 1726 5269 Ea
1745 5213 1826 5277 enim,
1851 5225 1877 5266 at
1897 5221 2007 5265 testante

324 5304 394 5344 ctum
411 5301 438 5343 et
454 5305 543 5346 contra
563 5301 682 5346 naturam
697 5302 846 5344 contractus
859 5291 936 5353 iuret,
950 5290 994 5345 sed
1008 5291 1035 5342 id
1049 5294 1140 5346 saltem
1192 5298 1293 5366 Agellio
1305 5300 1323 5351 1.
1342 5301 1377 5350 20
1397 5317 1451 5370 cap.
1468 5308 1493 5351 t.
1506 5301 1574 5351 aeris
1587 5298 1715 5354 confessis
1728 5315 1757 5352 ac
1776 5297 1860 5350 debiti
1879 5295 2008 5364 judicatis

321 5375 483 5438 intenditur,
503 5391 537 5427 ne
556 5376 645 5428 statim
666 5384 723 5444 post
743 5393 821 5427 onam
841 5385 885 5428 aut
903 5377 1010 5430 alteram
1030 5374 1139 5432 trustra·
1192 5383 1236 5434 30.
1250 5384 1306 5435 dies
1319 5383 1351 5435 ad
1363 5381 1562 5452 comparandam
1574 5384 1720 5452 pecuniam,
1731 5401 1781 5452 qua
1795 5399 1822 5434 se
1830 5381 1861 5432 ab
1872 5397 1932 5432 aere
1946 5381 2010 5432 alie·

323 5458 422 5510 tionem
444 5458 492 5511 buc
510 5459 613 5512 licitum
633 5457 668 5509 sit
686 5457 832 5512 creditori.
851 5461 909 5512 lam
930 5475 990 5512 sero
1008 5462 1078 5529 leges
1095 5477 1142 5514 nn·
1193 5484 1227 5519 no
1244 5469 1398 5530 liberarent,
1416 5467 1632 5520 concedebantur.
1652 5467 1810 5518 Dicebantur
1824 5463 1851 5514 bi
1866 5463 1923 5514 dies
1936 5482 1950 5515 a
1962 5463 2007 5516 de·

323 5554 391 5596 atrae
410 5543 480 5597 serio
498 5546 607 5597 omuino
625 5545 729 5606 volunt,
756 5555 785 5596 ut
811 5562 914 5614 semper
939 5564 991 5600 non
1011 5547 1093 5600 solum
1113 5545 1141 5598 in
1192 5554 1314 5606 nemriris
1333 5551 1403 5621 justi,
1421 5550 1488 5619 quod
1508 5552 1556 5603 ilio
1574 5551 1677 5604 demum
1698 5561 1814 5618 tempore
1840 5557 1947 5609 exacto,
1966 5564 2010 5599 res

323 5630 431 5698 emptis,
449 5637 475 5680 et
493 5627 616 5696 tenditis,
635 5627 673 5680 uti
694 5629 856 5700 Pomponius
873 5628 901 5682 in
920 5629 936 5681 t.
956 5632 981 5683 n.
1013 5637 1032 5695 ς.
1061 5635 1086 5686 1.
1100 5629 1139 5702 ff.
1191 5635 1319 5692 debituris
1338 5637 1579 5708 gignuricspcreae
1592 5634 1735 5690 distrahere
1753 5633 1854 5688 liceret.
1880 5632 1952 5686 ilinc
1971 5631 2009 5685 la·
