4336 6170
362 279 397 332 19
906 250 1096 310 utst’uttT.
1114 251 1150 303 li·
1169 244 1287 302 CAPUT
1305 243 1344 298 il.
1898 231 1955 289 20¹1

308 377 325 431 l.
339 370 409 444 Μ.
420 369 477 446 ἀ]
497 378 523 423 et
534 369 554 438 i.
567 367 588 432 ς,
605 366 652 418 l'l.
679 349 1029 422 irist.d.r.d.l.1.pr.ff.
1049 349 1115 403 de.
1140 345 1266 442 pretione
1283 338 1349 394 certi
1368 354 1449 399 usne,
1467 351 1561 390 eronse
1580 339 1722 396 mansere,
1741 331 1802 394 rel,
1832 327 1902 401 quod
1930 337 1986 384 tum
2075 303 2080 312 ’

778 445 804 497 in
820 441 915 513 quibus
927 435 1066 490 distinctio
1077 434 1120 484 do·
1143 450 1148 514 p
1168 428 1327 480 divisionem
1346 423 1424 476 iecile
1443 437 1495 473 non
1513 417 1685 482 admiserint,
1711 417 1769 479 rel,
1800 413 1869 484 quod
1898 421 1994 468 netum

307 479 329 513 r.
340 463 365 514 d.
379 473 399 512 et
412 459 433 510 si
448 455 492 525 qui
509 453 554 507 elii
583 462 667 506 textus
688 458 762 510 sunt,

268 547 449 620 qminiorum
471 541 521 610 juri
544 538 663 608 gentium
684 531 853 586 adscribitur.
880 526 901 577 1.
919 524 978 593 quie
1007 518 1149 573 resciscet
1171 514 1387 582 itseomprmtse
1403 505 1518 568 inerint,
1536 512 1565 557 el
1581 520 1633 555 uno
1651 508 1795 570 usurpsnle
1813 499 1894 552 etiem
1914 497 1993 554 elteri

307 599 1121 698 juriseicilis,quidjorlsneturceeelgentiomeit,firmiter
1173 593 1349 650 sullicientem
1368 586 1648 663 potireriutpmebere
1666 601 1761 650 nsnm;
1791 584 1880 653 quoles
1911 594 1992 649 sunt,

308 709 414 781 probari
435 725 486 760 noe
508 715 610 776 potest,
630 701 768 754 necetiem
782 689 1037 764 megissdmittendi
1052 695 1124 749 snut,
1150 691 1152 698 ⁴
1174 697 1258 744 mere,
1277 675 1514 749 eqnepcoduens,
1531 671 1611 724 litore
1630 677 1680 720 eto.
1705 666 1760 724 Nec
1780 675 1866 722 temen
1884 665 1996 728 obstet,

306 789 526 865 quecn‹illi,‘qni
546 790 579 840 dc
599 797 672 857 pertn
690 769 1122 851 celseptimestrireloetimestri
1174 784 1226 836 quo
1244 765 1333 816 minus
1351 758 1518 814 etiemvteles
1535 770 1577 809 res
1595 761 1712 822 respectu
1726 747 1804 806 ¹illins
1828 764 1912 813 usus,
1943 764 1997 818 quo

311 877 375 947 quid
394 873 608 946 disponunt,ecl
627 873 705 923 etiem
725 871 766 937 jus
786 873 893 917 uetuere
912 862 939 913 in
959 857 1124 911 brutroede·
1174 849 1207 900 sb
1224 849 1302 902 initio
1319 843 1459 915 eliquendo
1476 838 1575 894 libcme
1593 851 1608 892 e
1628 836 1790 906 proprietate
1821 841 1996 896 manserunt,
2097 840 2101 850 ·

312 979 340 1016 rs
357 963 458 1015 dieunt.
478 960 585 1012 llinis
604 957 774 1027 opponimus
784 959 805 1015 ς.
824 952 851 1002 l.
870 949 931 1002 inst.
945 947 973 998 ds
990 945 1072 1014 oblr'g·
1090 961 1126 997 ex
1178 930 1420 1004 potietoecuprri,
1438 937 1464 980 el
1483 921 1639 997 proptieltli
1658 918 1793 976 obnoxios.
1816 913 1875 968 fieti
1903 925 1996 986 potue·

310 1049 415 1104 delicto.
434 1048 478 1098 nbi
498 1045 566 1098 luctu
586 1043 643 1108 iure
663 1050 770 1092 uetuere
791 1035 925 1106 prohibite
942 1030 1085 1093 dicontur-3
1103 1026 1134 1077 si'
1177 1019 1246 1082 rint,
1263 1016 1387 1084 quonism
1408 1009 1557 1064 dominium
1578 1005 1658 1058 tutius
1677 1002 1751 1055 orbis
1769 1009 1797 1053 et
1820 997 1948 1069 quioquid
1967 999 1999 1049 in

310 1135 381 1185 enim
401 1131 466 1195 boe,
483 1130 622 1195 sequitur,
637 1125 704 1193 quod
723 1131 749 1174 et
767 1137 780 1172 s
798 1131 889 1173 netum
907 1114 944 1167 sit
961 1112 1064 1183 eliquod
1080 1112 1126 1164 dc·
1178 1119 1209 1154 eo
1225 1100 1391 1165 mostuene,
1411 1093 1529 1156 ddemo,
1559 1100 1586 1142 et
1603 1087 1637 1162 sb
1660 1087 1712 1142 hos
1730 1085 1847 1156 posteris
1871 1083 1997 1140 traditum

312 1217 439 1279 minium,
459 1231 517 1267 cum
539 1211 639 1262 lurtum
659 1217 758 1261 tentum
778 1195 992 1256 reielieneel'rst.
1005 1193 1138 1263 ill-quie
1180 1199 1231 1240 est.
1882 1229 1891 1246 μ’

315 1319 367 1354 nou
386 1301 518 1369 seqnitur,
536 1293 675 1347 distinctio
694 1289 872 1341 dominiorum
893 1285 921 1335 in
940 1283 997 1350 jure
1009 1278 1128 1348 justicie·
1216 1269 1249 1322 Et
1268 1266 1331 1322 hine
1348 1261 1422 1334 oripo
1440 1277 1544 1326 rerum,
1562 1275 1627 1330 quse
1645 1257 1673 1311 in
1693 1258 1750 1324 inre
1768 1262 1858 1310 nostro
1883 1250 1998 1308 c'ornmn·

277 1383 429 1458 pneoiuri
450 1381 564 1449 gentium
583 1374 741 1427 miseribitur
759 1390 782 1425 e.
801 1368 918 1422 untursle
945 1377 997 1419 uon
1023 1375 1076 1428 est,
1104 1364 1127 1414 l.
1179 1373 1225 1410 nes
1243 1353 1383 1413 dicuntur,
1402 1347 1544 1418 repetendo
1575 1344 1661 1406 teuit,
1690 1358 1757 1412 quse
1785 1346 1860 1402 sunt,
1889 1352 2002 1406 querum

313 1469 373 1538 qula
392 1470 432 1534 jus
451 1466 568 1535 gentium
589 1458 723 1529 scepsius
741 1447 1010 1520 uetnrcesipnil'rert.
1035 1451 1058 1509 ’5.
1085 1449 1128 1498 ll.
1181 1456 1242 1494 usos
1259 1437 1439 1508 promiscuos,
1468 1429 1617 1502 proprietas
1647 1443 1710 1479 vero
1742 1424 1841 1480 nullius
1867 1435 1915 1476 est.
1934 1428 1955 1485 t.
1974 1425 2003 1474 1.

315 1553 377 1603 inst.
390 1547 417 1602 d.
429 1565 450 1601 r.
469 1550 495 1600 ‹l-
513 1541 544 1598 b.
567 1541 630 1612 quie
648 1542 755 1592 elt‘erem
775 1537 887 1606 speciem
905 1529 1131 1598 iurispentium',
1179 1523 1275 1576 insnsl.
1287 1533 1340 1574 rer.
1351 1519 1427 1572 diris·
1441 1515 1477 1570 Et
1493 1513 1773 1583 quidem,oommunes
1792 1507 1929 1572 dicontur,
1947 1522 2003 1560 non

315 1639 478 1708 primaevum
497 1633 599 1686 seilicet
617 1619 824 1696 jussigniireere
844 1612 1053 1689 potest.³.qnis
1072 1618 1129 1682 pot·
1179 1607 1309 1661 exclusive
1327 1604 1359 1658 ed
1380 1599 1577 1671 proprietsternr
1599 1595 1646 1649 sed
1671 1593 1732 1664 quie
1763 1608 1837 1658 usum
1863 1591 2003 1662 quemdem

313 1711 354 1776 est
379 1723 411 1774 eb
437 1711 625 1789 approbatione
642 1725 667 1766 et
687 1709 797 1763 meliori
817 1700 1027 1763 retoeuertoce,
1052 1711 1129 1766 qusnr
1181 1702 1312 1764 praestent
1329 1689 1374 1760 qui
1395 1685 1558 1756 promiscuus
1577 1691 1630 1744 est,
1648 1680 1789 1734 et.bestiis
1810 1694 1892 1748 neque
1904 1675 2004 1730 echo,

314 1811 402 1876 ejnre
419 1793 536 1874 gentium
561 1797 660 1862 h'nbetp
678 1785 910 1854 'eidemedscribi
929 1798 988 1836 eum
1009 1792 1130 1834 tumens
1179 1780 1297 1836 minibus
1314 1775 1472 1829 eommunis.
1491 1769 1521 1820 lu
1542 1767 1748 1844 nulliusmntem
1768 1762 1889 1816 ‹lominio
1917 1769 2003 1825 sunt,

240 1881 247 1886 ’
314 1899 420 1939 neturoe
439 1889 495 1953 jure
513 1886 615 1934 incente
636 1879 684 1942 sit,
703 1873 771 1948 quod
790 1873 818 1923 iu
835 1872 892 1940 jure
909 1875 999 1920 nostro
1024 1871 1133 1915 nonest
1181 1858 1327 1932 nonqucsi
1346 1858 1373 1908 iu
1392 1855 1523 1924 primeere
1544 1849 1729 1902 commuuione
1748 1844 1935 1916 perstiterint,
1957 1841 2004 1897 sed

317 1971 478 2036 infrequens,
498 1966 550 2018 eid.
569 1962 714 2015 Frenekius
732 1955 840 2016 exercit.
861 1957 887 2006 1.
904 1947 1052 2022 qrreertyb.
1106 1961 1110 1967 ’
1153 1947 1243 2017 “quis
1262 1951 1352 1996 ustum
1372 1956 1416 1990 sne
1438 1939 1466 1989 in
1486 1935 1671 2006 proprietatem
1693 1929 1807 1982 describi
1834 1947 1887 1983 non
1913 1936 2003 2000 polue-

284 2043 301 2093 9
355 2055 414 2121 Quo
433 2063 517 2104 temen
537 2058 561 2102 et
581 2057 697 2100 nostrum
720 2041 857 2094 fulciemus
876 2032 1054 2110 sententium,
1076 2027 1133 2079 nul·
1184 2031 1256 2090 rint,
1274 2024 1339 2077 edeo
1356 2035 1383 2078 nt
1399 2022 1524 2076 omnibns
1543 2015 1701 2069 nisimelibus
1721 2013 1868 2068 meuserint
1885 2031 2005 2068 eommo-

317 2139 368 2189 lcm
387 2135 469 2189 luisse
498 2131 709 2187 communionem
742 2130 894 2177 sternentes.
911 2117 975 2168 Eum
1007 2113 1135 2182 sequenti·
1184 2127 1230 2166 ues
1248 2109 1281 2160 ed
1301 2123 1375 2160 usum
1395 2103 1581 2160 necessarium.
1601 2100 1653 2151 Du.
1672 2095 1792 2150 Streuoh.
1824 2095 1928 2152 dissert.
1954 2100 2006 2172 ju·

317 2222 364 2273 bns
382 2217 578 2272 corroboramus
595 2208 768 2282 srgumentis.
785 2207 805 2258 1.
823 2201 883 2275 iperio
896 2200 928 2253 ed
948 2199 1047 2252 nnllam
1063 2214 1134 2249 onrn·
1183 2197 1247 2252 stin.
1269 2196 1295 2245 li·
1318 2195 1380 2264 opis·
1401 2191 1427 2253 ,2.
1445 2187 1522 2240 Teles
1541 2200 1582 2238 res
1600 2199 1751 2236 communes
1769 2191 1831 2235 sunt
1854 2197 1915 2248 rer,
1934 2199 2004 2251 sque

318 2301 452 2356 munionis
472 2315 557 2352 rerem
578 2299 709 2368 speciem,
729 2292 844 2364 pristinu
869 2287 932 2350 ills,
959 2301 1036 2356 quem
1061 2282 1136 2348 mtgo
1186 2287 1333 2358 prollueus,
1354 2295 1424 2331 mure
1442 2286 1469 2329 et
1487 2291 1536 2344 per
1555 2273 1603 2324 hor
1620 2271 1711 2325 littore
1733 2267 1814 2322 merit
1839 2273 1862 2328 §-
1888 2269 1911 2318 1·
1938 2267 2002 2321 intl-

265 2395 300 2444 10
318 2385 509 2458 prseterrdunt,
528 2379 620 2434 relcrri
641 2389 726 2450 potest
744 2375 903 2428 communio.
923 2367 1075 2440 Dupliciter
1092 2383 1134 2417 ru·
1188 2375 1212 2425 d.
1224 2388 1246 2423 r.
1258 2367 1283 2420 d.
1304 2370 1343 2417 dn
1363 2381 1424 2432 ergo
1448 2372 1475 2415 et
1492 2366 1584 2429 purtus
1604 2365 1678 2408 erunt
1696 2369 1736 2405 res
1748 2348 1914 2406 communes?
1932 2349 2008 2406 tide·

318 2485 368 2524 tem
387 2488 427 2523 res
446 2467 592 2520 eommunis
611 2482 668 2516 esse
687 2471 772 2533 potest
790 2461 831 2513 sel
850 2461 909 2519 its,
934 2465 963 2508 ut
987 2452 1138 2526 proprietas
1188 2473 1228 2516 pue
1245 2453 1314 2528 qnod
1334 2455 1387 2517 sic,
1405 2448 1465 2518 quie
1483 2461 1562 2514 seque
1584 2441 1664 2494 mucis
1682 2439 1808 2511 porticulo
1827 2448 1918 2506 portus
1948 2447 2009 2500 est,

318 2556 387 2626 epud
419 2553 506 2624 plures
538 2565 586 2619 pro
607 2546 732 2622 ¹indiviso
763 2545 812 2608 sit,
832 2559 894 2594 usns
920 2547 1006 2592 eutem
1027 2535 1139 2605 singuiis
1189 2526 1674 2614 anufflt,d,j1,70m0rccsor.lid.
1703 2529 1725 2577 1.
1750 2535 1808 2592 cap.
1832 2523 1875 2574 li.
1904 2533 1931 2570 rr.
1964 2519 2009 2570 ld.

319 2639 485 2710 eommunis,
504 2632 653 2695 ullorum,
672 2629 818 2683 theutrum:
838 2625 878 2680 rel
910 2626 989 2678 etiem
1021 2621 1081 2684 ite,
1109 2627 1141 2682 ¹ut
1189 2621 1458 2701 q„„,1„„„‚q„03
1479 2629 1615 2691 pfoppem
1635 2613 1765 2666 turm„
1795 2619 1950 2662 communes
1970 2620 2007 2658 ee.

321 2722 468 2796 proprietas
487 2720 564 2789 plane
583 2717 681 2768 nullius
700 2715 754 2777 sit,
773 2727 835 2763 osus
853 2721 937 2763 entem
957 2705 1137 2776 promiscuus,
1191 2715 1285 2768 (ΜΝ,
1302 2715 1401 2766 v„·„„,
1415 2709 1442 2760 ,·„
1457 2706 1476 2756 ι,
1490 2704 1513 2756 tt,
1527 2703 1551 2769 ς.
1566 2704 1589 2752 1,
1593 2699 1635 2770 ff
1646 2697 1672 2751 d,
1685 2713 1709 2750 r.
1722 2693 1749 2747 d.
1763 2704 1789 2748 es
1798 2694 1823 2760 §.
1837 2693 1862 2744 2.
1874 2690 1939 2745 iuss.
1950 2691 2012 2746 eod.

321 2822 345 2864 nt
363 2825 415 2861 rer.
434 2805 492 2858 Non
513 2804 595 2875 priori
616 2803 695 2854 ruodo
713 2792 864 2873 oommssnio
883 2789 1142 2862 iuit,quieddemo
1195 2802 1286 2852 portu,
1305 2787 1513 2860 ccbuepublieis
1531 2791 1805 2849 recensentur‚.quse
1835 2787 1909 2840 sunt,
1937 2777 2013 2845 eujus

321 2903 346 2946 et
365 2889 433 2942 Eure
451 2887 496 2941 nni
516 2874 652 2938 hominum
672 2881 744 2953 peri,
766 2865 976 2933 totids'nnirersi
989 2875 1137 2927 dominium
1193 2883 1338 2952 proptrer„
1355 2889 1394 2931 eet
1412 2877 1520 2943 ,ticujue
1539 2867 1648 2941 populi,
1667 2879 1728 2917 usus
1748 2879 1809 2916 secu
1835 2860 2013 2930 promiscuus.

292 3023 294 3030 ,
321 2975 468 3046 traditum:
487 2989 536 3024 neo
555 2970 606 3020 ullu
625 2967 694 3018 sntio
714 2963 818 3024 snsdet,
837 2981 884 3015 eur
914 2979 965 3042 non
994 2959 1094 3010 ddsmo
1112 2969 1142 3036 tri
1193 2967 1274 3036 idque
1294 2958 1526 3033 propterte-,quis
1546 2963 1637 3026 portus
1649 2949 1699 3018 jem
1712 2943 1921 3016 occupeti,esin
1936 2941 2010 3013 prin·
2030 2945 2068 2999 12

322 3057 478 3122 indiculum,
498 3055 543 3106 sed
564 3065 589 3107 ut
608 3051 704 3124 speciei
724 3048 826 3120 generis
846 3047 974 3111 burnsui,
994 3043 1141 3097 dominium
1193 3047 1261 3122 ciple
1280 3049 1320 3102 tel
1338 3043 1432 3116 populi
1447 3040 1567 3094 dominio
1586 3045 1665 3090 sunt:
1684 3032 1707 3084 si
1726 3030 1797 3082 eninr
1816 3027 1937 3097 uueupsli
1956 3042 2011 3080 non
2094 3020 2096 3028 '

324 3143 450 3199 'millum
469 3158 628 3202 titeffflwts
646 3155 705 3191 ⁰⁰⁸1!
724 3155 736 3188 ⁸
756 3135 917 3206 ttr⁰pri²¹⁸le
948 3115 1039 3187 'oium
1059 3129 1139 3182 &⁰5¹⁰
1192 3144 1295 3196 essent,
1313 3131 1422 3185 cuilibet
1441 3130 1467 3177 in
1480 3127 1513 3177 iis
1524 3119 1663 3175 redibens
1676 3116 1928 3187 permissumvesset,
1942 3108 2014 3182 quod

323 3249 376 3284 non
396 3230 433 3282 sit
451 3227 634 3286 recedendum:
653 3223 708 3275 Nec
727 3223 917 3294 rdlseenndrnr
945 3213 1141 3272 communionis
1192 3235 1251 3271 eum
1270 3218 1326 3272 sine
1344 3211 1512 3267 inuommodo
1530 3205 1684 3278 populorum
1704 3198 1763 3253 lieri
1783 3215 1837 3252 non
1856 3197 1957 3268 persii,
1977 3193 2014 3248 ‘f'

325 3313 438 3382 speciem
459 3313 545 3367 verius
565 3308 658 3384 referri
678 3307 872 3378 poterit,quie
893 3304 983 3374 utique
1011 3321 1062 3356 nou
1094 3319 1143 3354 nu·
1193 3302 1292 3365 lectus,
1312 3317 1344 3352 er
1363 3291 1704 3369 quibuseestimsuturtes
1723 3297 1890 3346 communes,
1911 3283 2013 3350 lnpor-

325 3397 373 3446 rlns
390 3410 468 3457 usus,
489 3393 533 3445 sed
553 3393 701 3446 dominium
721 3406 810 3443 verum
831 3389 986 3441 transletnm
1006 3402 1072 3453 esse,
1085 3383 1141 3454 ipse
1195 3385 1271 3440 tubus
1290 3401 1342 3437 non
1360 3397 1417 3442 esse
1433 3377 1625 3439 admittendos,
1639 3368 1757 3442 placuit,
1771 3376 1800 3419 ut
1818 3375 1955 3437 propterea
1969 3381 2014 3432 pn·

327 3467 437 3528 iurmuls
459 3474 610 3556 traditionis
632 3471 908 3526 Genes.l.v.28.et
932 3485 991 3537 cop
1018 3469 1044 3520 ll.
1070 3489 1098 3524 o.
1117 3468 1142 3518 2·
1195 3471 1273 3523 blicis
1292 3470 1369 3521 rebus
1388 3464 1603 3516 ednumerentur.
1621 3456 1733 3510 bechor.
1750 3452 1786 3506 nd
1797 3451 1818 3516 §·
1835 3451 1860 3501 id.
1877 3449 1939 3500 imi·
1953 3446 1978 3500 d·
1990 3464 2012 3499 r·

325 3553 489 3642 sufficienter
508 3549 624 3624 indicat,
643 3567 686 3621 et,
705 3557 726 3608 si
747 3555 909 3620 bon-loetum
925 3549 1145 3614 nouiuirset,in·
1195 3553 1222 3608 d.
1241 3549 1503 3610 indentemini.
1529 3545 1554 3597 2.
1580 3542 1746 3597 iremvoet.
1770 3537 1834 3590 idid.
1852 3536 1934 3605 sique
1951 3535 2015 3586 hese

325 3644 576 3718 convenientissime
595 3642 761 3716 postmodum
779 3625 835 3694 oria
861 3637 1035 3692 distinetione
1058 3635 1146 3690 domi·
1195 3639 1301 3710 quidem
1321 3637 1389 3688 nicee
1413 3636 1502 3704 poc'trn
1519 3628 1603 3701 quoed
1622 3627 1741 3695 ipsorum
1768 3619 1940 3683 dominium,
1958 3618 2014 3686 iure

326 3725 443 3792 nicrum,
465 3725 514 3778 sibi
536 3725 656 3777 homines
674 3742 716 3778 res
729 3723 948 3794 opproprissseut·
1198 3739 1306 3778 romsuo
1320 3719 1449 3774 obtinent.

362 3807 396 3864 tt.
416 3811 481 3866 Cum
499 3809 668 3880 quorumdum
687 3824 776 3862 rernm
796 3825 857 3860 usus
874 3807 902 3859 iu
919 3805 1000 3860 ebuso
1012 3805 1148 3878 consistet,
1234 3809 1321 3861 Hodie
1339 3823 1397 3859 vero
1417 3801 1549 3874 principes
1567 3796 1719 3867 udsupcndo
1737 3809 1829 3847 eornm
1856 3785 1943 3856 fiseo,
1967 3785 2013 3856 qui
2034 3807 2066 3858 pp

327 3914 356 3968 re
374 3907 457 3950 eutem
477 3893 567 3960 ebuli,
586 3911 663 3948 nuno
682 3894 736 3944 nisi
755 3891 879 3944 dominus
899 3890 1003 3962 possit,
1032 3907 1080 3942 nee
1111 3899 1146 3943 te·
1198 3894 1368 3963 praecipuum
1390 3889 1591 3942 sustentaculum
1612 3880 1750 3950 rigaturis
1769 3889 1805 3931 est
1822 3891 1880 3946 arg.
1903 3875 1922 3926 l.
1945 3873 1968 3925 d.
1990 3888 2013 3924 c·

329 3995 390 4030 men
409 3977 477 4048 qnod
496 3976 606 4046 quisque
625 3977 662 4027 sin
681 3975 847 4044 erripuemt,
867 3968 894 4024 id
906 3973 930 4025 ei
950 3972 1053 4042 eripere
1071 3974 1146 4036 alter,
1198 3976 1291 4044 colleg.
1299 3975 1354 4048 jul.
1370 3967 1641 4044 mejestethitemque
1660 3981 1711 4034 quo
1730 3961 1845 4033 publicis
1879 3957 2016 4012 necessitu-

330 4063 382 4114 uisi
402 4059 607 4130 perinjurium.
628 4075 679 4112 non
699 4055 919 4127 posset,ietente
943 4055 1145 4126 ipsometho·
1199 4058 1268 4111 tibus
1287 4057 1459 4116 subveniunt,
1480 4053 1636 4105 truculentus
1664 4049 1780 4102 hostium
1806 4041 1970 4098 incursiones
1993 4057 2018 4094 r·
2084 4080 2089 4088 .

332 4145 370 4199 lio
387 4147 411 4199 d.
419 4145 442 4214 j.
456 4145 479 4198 b.
495 4157 557 4217 erp.
571 4144 617 4196 lib.
631 4143 654 4196 2.
668 4141 726 4195 ed.
740 4160 766 4192 n.
780 4141 805 4192 2.
825 4137 954 4210 quomodo
972 4137 1033 4206 quis
1046 4137 1084 4189 uel
1104 4154 1145 4190 re·
1198 4150 1319 4201 certent,
1340 4149 1471 4206 totumque
1489 4131 1699 4204 rempublicam,
1722 4131 1751 4182 iu
1777 4137 1844 4182 stetu
1877 4123 2018 4194 tranquillo

330 4233 378 4284 itit!
399 4227 571 4298 fungibiiiirut
591 4227 638 4290 nti,
658 4227 696 4281 vei
715 4227 794 4279 eliam
815 4224 930 4294 reliquo!
948 4221 1007 4274 sine
1033 4219 1147 4273 dominii
1197 4237 1366 4290 conmuni,
1387 4241 1427 4276 rep
1441 4223 1654 4274 haecommuuep
1679 4230 1703 4270 et
1728 4213 1857 4285 publicas,
1877 4230 1954 4282 puppa
1973 4213 2017 4261 dp.

331 4316 388 4380 jure
406 4312 545 4364 excludere
564 4309 670 4380 potuit?
1198 4310 1311 4378 scriptus
1321 4346 1328 4373 ,
1344 4308 1470 4377 regalium
1485 4305 1696 4366 constitutione,
1715 4299 1823 4352 sibimet
1846 4297 1901 4350 iere
1922 4313 2015 4367 oppro·
2103 4276 2106 4290 Ι

367 4397 419 4447 lii.
436 4395 503 4464 Quin
522 4396 611 4446 tlelirn
632 4394 658 4445 iu
680 4387 746 4442 filiis
768 4389 878 4454 Adnmi,
897 4389 979 4442 Csina
1009 4397 1035 4442 el
1068 4388 1148 4442 Abeie
1200 4396 1330 4467 prisrunt.

331 4479 470 4530 distinctio
489 4478 665 4530 dominiorum
684 4475 827 4544 apperuit,
845 4471 905 4548 rium
928 4473 972 4522 hic
994 4488 1084 4540 ugrum
1104 4489 1148 4523 co·
1234 4476 1323 4548 Quod,
1342 4477 1398 4540 iure
1415 4492 1447 4526 sn
1468 4474 1566 4542 injurie
1584 4469 1719 4542 principes
1738 4466 1866 4530 iecerint,
1886 4481 1938 4517 uon
1958 4461 2015 4518 sine
2037 4489 2040 4520 :
2148 4461 2163 4516 ἶ

333 4559 401 4658 istil·
421 4561 464 4612 hic
484 4577 575 4656 penore
595 4559 729 4656 ppssedir,
748 4569 771 4609 et
787 4555 897 4626 quilibet
917 4555 1010 4608 bolum
1029 4552 1064 4605 ‘³0
1079 4571 1146 4621 lim·
1200 4564 1280 4616 dubio
1298 4561 1451 4632 quieriturs
1471 4576 1516 4612 uos
1534 4559 1638 4626 optimo
1657 4557 1713 4620 iure
1732 4567 1773 4602 res
1791 4552 1849 4603 illes
1862 4549 1892 4600 ed
1907 4549 2017 4621 seprin-
2032 4521 2066 4574 Η
2148 4541 2151 4546 ’

331 4662 393 4742 W
408 4645 464 4698 ⁰⁶⁰
483 4640 648 4695 sacrificent.
668 4643 763 4695 Gener.
777 4638 803 4691 ⁴·
816 4657 839 4690 θ·
853 4640 880 4692 2·
904 4649 929 4691 0²
949 4641 973 4692 3·
993 4639 1086 4692 Pium
1106 4656 1146 4691 lt·
1198 4663 1259 4717 ceps
1279 4645 1406 4708 tersisse,
1426 4655 1575 4697 constenter
1593 4655 1788 4693 essecersmus:
1808 4634 1871 4706 quis
1889 4633 1938 4688 hoo
1957 4635 2018 4704 ipso

336 4739 418 4780 ⁸¹⁰⁰&
438 4727 459 4780 ⁵i
478 4729 538 4797 quis
557 4725 702 4788 desideret,
724 4740 817 4790 magno
837 4737 1006 4774 nummu
1032 4720 1149 4772 Ῑῡῖθῦῑθῑ
1200 4729 1302 4782 nemini
1323 4729 1447 4781 domnum
1468 4727 1595 4789 intulere,
1614 4741 1662 4777 nec
1682 4722 1765 4791 megis
1784 4722 1812 4773 in
1832 4720 1945 4788 reliquos
1977 4720 2016 4771 in-

338 4813 405 4882 opud
423 4811 467 4864 dn·
484 4808 644 4863 Frentllium
663 4811 775 4876 tem-d·
797 4825 842 4859 Μ·
871 4811 896 4860 ¹·
923 4815 1026 4876 quaeti-
1051 4805 1078 4857 θ·
1098 4807 1150 4859 0⁰·
1198 4815 1290 4883 juriosi
1312 4810 1563 4880 iuere,qnsmilli,
1589 4809 1634 4878 qui
1650 4821 1691 4860 res
1717 4805 1815 4858 nullius
1840 4813 2017 4874 occuperunt:

338 4896 425 4948 strue.
438 4912 480 4947 ee.
495 4896 520 4944 l.
531 4895 595 4959 epla.
609 4895 633 4942 l.
646 4903 716 4961 synt.
727 4890 899 4963 jenseudol.
914 4893 967 4944 Du.
987 4889 1105 4944 Streuch.
1119 4891 1146 4942 in
1202 4913 1261 4948 nern
1277 4912 1316 4948 res
1330 4895 1391 4958 bue,
1401 4893 1464 4966 quie
1478 4908 1628 4944 communes
1642 4892 1670 4942 lr.
1682 4905 1704 4943 e.
1717 4891 1746 4941 iu
1760 4892 1859 4944 nullius
1876 4889 2015 4945 edhuodo·

337 4977 399 5031 dr'ss.
413 4979 439 5072 sl..
451 4976 564 5046 imperio
580 4974 663 5026 moris
676 4993 697 5026 c.
721 4977 744 5027 1.
764 4975 815 5026 Dn.
836 4977 948 5038 Ziegler.
974 4973 1003 5024 in
1031 4980 1087 5048 nol·
1115 4974 1152 5025 od
1200 4979 1285 5032 minio
1306 4976 1390 5038 inere,
1411 4977 1493 5030 libere
1510 4976 1629 5044 occupari
1644 4984 1790 5047 potuerunt.
1805 4978 1876 5046 Quin
1890 4979 1952 5038 imo,
1969 4977 2018 5031 lure

336 5070 405 5155 ism·
418 5059 462 5112 ¹⁸⁶·
479 5063 502 5108 ¹·
516 5079 537 5110 θ·
551 5059 575 5109 ²·
590 5078 617 5108 η·
629 5058 654 5108 2·
671 5059 720 5108 ⁰¹¹·
744 5053 907 5108 Puff‘ffli‘t‘ff
931 5057 959 5107 ⁸⁸1²
978 5053 1151 5128 ‘lemenbju-
1200 5063 1272 5132 ipsse
1291 5081 1347 5125 res,
1366 5063 1449 5114 edhue
1466 5062 1540 5132 quusi
1558 5075 1712 5115 communes
1731 5071 1934 5127 remanserunt,
1954 5081 2015 5115 num

340 5160 401 5212 mp-
429 5143 601 5195 “niven-15⁶
632 5137 1149 5212 see-fiens.12.2250,.n.„130,.
1198 5149 1318 5216 quumvis
1337 5145 1370 5195 iis
1392 5155 1490 5197 tentum
1511 5153 1617 5198 utentur
1637 5146 1771 5215 principes
1799 5145 2017 5217 redditusquecx

340 5227 399 5278 cler.
419 5229 455 5280 od
472 5239 543 5296 gros.
563 5226 608 5279 lib.
628 5228 652 5278 2.
671 5245 732 5294 cop·
752 5229 775 5276 l.
793 5242 853 5294 pop.
873 5225 916 5274 38.
1202 5231 1256 5281 illis
1275 5247 1334 5282 suos
1352 5228 1465 5292 inolent,
1485 5230 1532 5281 lros
1552 5239 1654 5294 temen,
1674 5231 1736 5284 dum
1756 5232 1794 5286 rel
1812 5232 1844 5284 ed
1864 5248 2018 5285 conserven-

285 5307 319 5355 11
374 5313 490 5366 Utrero
509 5311 641 5364 redeamus
660 5311 728 5362 crude
757 5308 868 5378 digressi
900 5325 1005 5374 sumus;
1036 5307 1152 5362 diximus
1202 5312 1262 5366 dem
1277 5317 1451 5380 majestatem,
1471 5313 1510 5366 rel
1528 5313 1560 5363 ud
1579 5313 1688 5366 sulutem
1714 5316 1827 5386 reipubl.
1860 5331 2016 5383 promoven·

341 5397 478 5494 bautenus,
498 5397 691 5465 occupetionem
713 5393 879 5462 lungilrilium
901 5392 1035 5460 excepisse
1047 5406 1152 5461 occupa·
1202 5394 1279 5460 dem,
1294 5396 1450 5467 impendunt
1463 5431 1470 5460 ,
1482 5397 1592 5450 eliorum
1616 5399 1700 5468 potine
1713 5416 1815 5452 coum„
1833 5416 1910 5466 ,gefe
1929 5399 2019 5450 ,idem

341 5481 650 5555 tionem-immobilium,
669 5491 772 5548 propter
791 5471 1008 5526 insufficientium
1033 5483 1060 5526 et
1078 5492 1151 5526 usum
1204 5490 1258 5542 snm
1277 5480 1336 5548 quir
1355 5481 1419 5532 nlius
1439 5481 1488 5532 ulie
1507 5483 1700 5535 contributione
1719 5493 1843 5550 sumptus
1875 5483 1941 5533 istos
1968 5473 2016 5550 pu-

344 5565 564 5616 commndiorem:
584 5563 759 5615 nibilominus
781 5571 865 5613 temen
885 5569 910 5611 et
940 5570 996 5627 post
1026 5570 1152 5629 oeeupstc
1205 5561 1286 5616 blioos
1305 5561 1388 5615 lucere
1406 5564 1530 5618 deberent
1550 5566 1588 5628 ii,
1607 5567 1655 5634 qui
1674 5567 1727 5620 sibi
1747 5582 1786 5619 res
1812 5582 1963 5618 communes
1993 5563 2019 5618 ess

343 5645 503 5716 immobilis,
523 5648 661 5701 uurnrnllne
682 5663 723 5701 res
742 5645 819 5699 ueluti
839 5661 870 5698 er
889 5660 963 5696 reuss
988 5643 1108 5698 derelicti
1127 5657 1152 5700 et
1175 5632 1182 5734 i
1207 5664 1291 5722 reptes
1310 5666 1367 5704 esse
1384 5662 1586 5722 conqueruntur.
1605 5650 1658 5705 Nee
1676 5653 1775 5723 obstet,
1793 5649 1862 5726 qnod
1892 5654 1950 5722 juro
1973 5671 2016 5706 nc·
