4248 6232
21 171 23 182 '
110 171 180 234 tot·
422 163 477 245 ΙΜ
493 157 682 221 CONCURSU
698 151 999 217 consumunmt
1018 149 1372 242 uxtnttttutcttttttts
1625 157 1680 214 πο

21 269 23 320 l
60 259 322 345 praestitumpriori
340 263 518 334 iuramentum
536 258 874 316 ahsoluteedoousumme·
926 255 972 308 lid.
996 256 1020 310 7.
1038 255 1191 328 jurisprud.
1215 253 1306 308 eccles.
1330 251 1385 322 des
1411 249 1454 306 11.
1485 269 1513 306 u.
1538 250 1583 307 11.
1605 253 1674 322 quod
1699 251 1742 306 iu·

21 389 22 392 =
60 356 157 411 tionem
179 349 344 404 matrimonii
362 345 560 418 compellendus
578 346 622 398 sit.
640 342 772 414 Equidem
792 341 820 392 iu
832 357 876 410 ge·
927 339 1022 409 primis
1042 350 1102 391 tuuc
1126 337 1267 391 dicendum
1287 338 1338 390 erit
1349 334 1397 404 ,si
1423 334 1555 407 sponselie
1576 336 1740 393 clandestine

59 455 124 494 uere
142 434 258 488 affirmet
276 433 370 502 Cerpe.
388 430 435 486 tit.
453 432 479 483 2.
492 428 723 502 jurispraeoueist.
742 425 797 495 dest
816 426 877 477 tte.
927 422 986 474 ideo
1009 421 1123 486 fuerint,
1149 421 1219 490 quod
1240 437 1384 494 cousensus
1413 431 1550 492 pareutum
1574 418 1656 484 desit,
1681 439 1740 476 curn

59 537 183 594 sponsum
210 515 396 571 refractarium
419 531 523 584 semper
548 511 665 565 absolute
688 508 721 564 ed
741 509 875 562 matrimo·
927 508 1104 572 juramentum
1125 522 1177 558 uon
1198 506 1281 572 possit
1301 522 1413 574 purgare
1432 507 1524 558 sitium
1545 505 1742 560 clandestiuite·

57 605 130 658 nium
150 599 388 654 consummandum
408 597 586 668 eogi'posee,
605 611 670 666 ques
692 593 826 647 sententia
845 601 879 642 te·
930 590 975 652 tis,
994 589 1053 643 licet
1071 589 1111 642 rel
1137 591 1251 640 maxime
1273 588 1361 658 priora
1385 587 1505 650 luserint,
1527 599 1553 642 et
1577 587 1671 639 itidem
1698 587 1742 642 hic

58 678 119 739 men
139 682 282 738 admodum
301 681 366 734 dure
385 689 481 746 est,st
499 681 595 734 merito
612 699 626 733 a
645 677 797 732 senioribus
810 676 877 732 ictis
929 677 1106 740 iuramentum
1132 672 1244 726 accessit
1266 673 1304 725 sei
1331 674 1452 739 illicitae,
1474 690 1550 742 quern
1573 673 1743 729 consolidare

58 767 235 838 reprobetur,
254 776 332 836 prout
347 764 463 818 declerat
481 763 526 816 du.
545 762 635 832 Strpl.
652 773 686 814 cr.
711 762 744 814 de
766 761 878 816 disseres.
928 773 980 809 non
999 757 1090 826 potuit.
1109 757 1138 810 Si
1159 757 1230 809 euim
1252 755 1391 824 nequidem
1411 773 1443 808 ex
1461 757 1562 823 judicio
1586 755 1636 810 Dei
1655 769 1743 814 sotum

55 870 148 922 mm,
171 864 234 908 my,
259 854 286 904 2,
306 852 329 918 5,
353 851 380 902 7,
408 851 497 904 pom.
517 847 879 920 511qufflnrenst.‚urpore
928 840 1071 894 liberorum
1092 841 1185 893 inritis
1204 841 1358 916 pereutilaus
1376 850 1536 894 coutrectuus
1556 841 1639 905 velet,
1664 842 1744 908 psultc

55 937 305 1002 veriori,ebeolnte
318 935 451 988 neminem
465 933 521 1004 copi
541 934 660 1006 possead
671 931 800 1002 sponsali·
819 950 878 986 eou-
931 925 1020 979 usiuus
1039 925 1090 979 tsle
1109 928 1305 992 juramentum,
1321 925 1391 1000 quod
1416 927 1448 980 de
1465 942 1493 979 re
1520 928 1548 980 in
1567 936 1697 996 potestate
1713 928 1745 980 li-

54 1018 229 1088 enmmeuds,
246 1017 456 1084 ridendum,eu
473 1021 649 1086 juramentum
668 1017 753 1088 priori
771 1032 880 1086 sponsae
928 1007 1051 1062 berorum
1072 1028 1125 1066 nou
1152 1011 1282 1064 existente
1305 1010 1460 1080 praestitum
1486 1023 1537 1078 est,
1555 1009 1677 1068 effectum
1697 1013 1744 1066 he·

58 1105 215 1174 praestitum
233 1101 308 1155 eliud
328 1101 374 1154 hic
385 1102 500 1155 suadeat.
513 1101 600 1156 Video
612 1101 659 1154 hio
677 1111 814 1172 urgentem
828 1099 879 1154 dif·
929 1092 1013 1146 bebil·

56 1187 205 1243 feultstem
223 1186 334 1251 edesse,
352 1196 463 1256 propter
481 1186 598 1240 diversos
615 1185 683 1254 juris
702 1185 822 1239 ceuouiei
841 1195 878 1238 te·
965 1176 989 1244 §.
1007 1177 1033 1228 7.
1051 1176 1196 1230 Occasione
1216 1176 1353 1230 dissensus
1378 1177 1482 1246 peterui
1508 1178 1548 1234 sel
1567 1179 1695 1246 mrterui,
1712 1179 1746 1237 dr

56 1285 128 1326 110„
151 1270 220 1326 Nm
245 1271 276 1324 t„
299 1289 359 1342 cap,
382 1273 427 1323 ιο,
451 1287 481 1323 2,
505 1271 539 1326 a,
562 1257 652 1340 5902„
678 1267 802 1322 Itourisa
825 1285 880 1324 ω..
929 1261 1028 1330 quoire
1054 1261 1079 1332 ᾗ.
1103 1262 1222 1319 anteced.
1246 1272 1333 1314 actum
1353 1271 1409 1324 cst,
1428 1279 1482 1314 uon
1508 1265 1746 1332 praetermittenda

57 1355 140 1408 „pout
159 1356 247 1410 locum
266 1353 328 1410 fact,
345 1370 486 1418 merem,
503 1353 567 1424 μὴ
590 1355 676 1422 ,μιαν
695 1353 835 1425 praedict„
853 1371 881 1423 ὅ,
929 1352 970 1394 eet
987 1345 1105 1414 quaestio
1124 1345 1157 1398 de
1175 1363 1303 1398 concursu
1322 1347 1528 1416 juramentorum
1554 1347 1652 1400 diuersi
1670 1365 1746 1416 gesse·

56 1439 239 1505 periculosum
261 1448 318 1506 est,
340 1448 435 1492 contro
459 1455 539 1492 raam
559 1437 747 1507 iuramentum
772 1437 880 1499 uenire,
931 1425 1245 1496 1’ῙιιιιυιιιιΙοιιὶΙ.1111ι
1265 1431 1348 1496 jurete
1366 1431 1496 1498 sponsslis
1510 1431 1671 1484 clandestine
1684 1448 1747 1488 oon·

44 1522 225 1594 fraternitati
248 1534 314 1580 tuuc
341 1523 523 1585 mundemus,
549 1531 691 1592 puateuus,
715 1521 885 1574 silentiis·
933 1511 1029 1575 traxit,
1048 1511 1094 1568 sed
1114 1523 1198 1566 muter
1217 1513 1309 1566 itidem
1325 1514 1439 1583 jurarit,
1457 1531 1485 1567 se
1502 1531 1634 1586 nunquam
1654 1515 1748 1570 intele

57 1609 232 1675 constiteris,
259 1625 321 1662 eam
352 1621 491 1669 moneas,
516 1612 543 1657 el
567 1601 593 1657 εἰ
624 1621 682 1656 nors
714 1602 883 1674 acquieverit
933 1596 1132 1652 matrimonium
1158 1599 1311 1651 consentire
1336 1598 1417 1662 selle,
1436 1615 1470 1650 eu
1496 1599 1524 1650 iu
1550 1600 1601 1652 hoc
1620 1616 1748 1656 concursu

21 1669 23 1706 Ι
58 1695 190 1758 monitis,
215 1692 393 1748 eccless'cstico
417 1707 534 1746 censura
559 1689 720 1757 compellas,
742 1699 772 1740 ιιι
794 1687 881 1754 ipsam
932 1684 1024 1738 metris
1044 1683 1218 1750 iuremeutnru
1238 1687 1399 1754 prseealeet,
1419 1701 1451 1736 an
1477 1701 1537 1738 seso
1561 1702 1608 1756 pes
1625 1687 1748 1740 consisto·

21 1757 23 1790 Ι
58 1777 136 1850 (nisi
154 1778 335 1833 renouabitur
355 1792 442 1831 conso
469 1774 621 1842 obstiterit)
646 1774 675 1826 ie
702 1787 816 1826 acorem
841 1787 882 1824 re·
932 1767 1002 1820 rium
1022 1779 1106 1820 mator
1131 1769 1203 1838 adigi
1223 1770 1321 1840 possit,
1342 1777 1371 1820 ut
1395 1777 1439 1820 aut
1463 1770 1543 1837 justes
1570 1769 1747 1824 dissentiendi

21 1841 22 1878 ¹
59 1867 157 1934 espect,
183 1875 211 1920 et
229 1861 354 1916 maritali
372 1858 518 1930 affectione
539 1865 692 1927 pertractet.
716 1855 801 1924 Atque
818 1854 883 1908 heco
931 1867 1022 1905 ceurae
1051 1853 1163 1922 alleget,
1180 1864 1224 1906 eut
1248 1869 1404 1905 consensum
1429 1850 1601 1922 interponet?
1618 1852 1748 1922 Equidem

61 1959 102 2002 est
120 1947 220 2000 decisio
240 1941 385 1996 diexeudri
405 1941 453 1990 111.
475 1938 526 1994 Sed
545 1938 682 1993 audiamus
707 1937 814 1990 Lucium
834 1937 883 1990 111.
932 1937 997 1988 alies
1014 1936 1134 1990 absolute
1157 1937 1297 1990 dissentire
1322 1953 1375 1990 non
1394 1945 1501 2004 possunt
1526 1948 1664 2007 parentes,
1681 1938 1747 1993 elio·

59 2031 157 2104 quiin
182 2013 242 2098 cop.
269 2029 312 2078 17.
335 2045 366 2078 su.
391 2024 451 2076 eod.
478 2021 574 2074 itidem
599 2022 652 2092 egit
674 2021 708 2073 de
732 2038 813 2087 casu,
832 2039 883 2091 quo
932 2020 997 2090 quin
1010 2021 1175 2088 magistratus
1188 2018 1310 2075 officium
1324 2018 1519 2083 eet,defecturu
1532 2036 1674 2081 cousensus
1685 2036 1748 2091 sup·

61 2116 161 2171 mulier
178 2109 353 2182 jurisjurandi
379 2110 508 2178 religione
533 2108 651 2178 neglecta
671 2107 770 2160 nubere
788 2123 884 2182 sponso
933 2107 1018 2174 plere.
1035 2105 1127 2176 Caspe.
1147 2107 1208 2158 libr.
1232 2107 1259 2172 2.
1273 2104 1388 2179 jurispr.
1406 2107 1472 2163 ecel.
1494 2103 1550 2172 defi
1567 2105 1612 2158 12.
1630 2115 1657 2162 et
1672 2122 1748 2174 sepe.

60 2199 168 2264 renuit,
194 2196 238 2252 cni
264 2213 293 2250 se
318 2203 461 2262 nupturam
489 2193 637 2258 juramento
660 2188 787 2242 firmerit.
806 2191 884 2244 Hunc
934 2193 1023 2246 strue.
1049 2211 1087 2246 ee
1110 2193 1154 2245 211.
1180 2195 1218 2246 ιΙι1
1245 2193 1289 2250 fil.
1315 2193 1360 2245 sed
1385 2191 1433 2246 lsoc
1451 2192 1556 2246 demam
1584 2193 1617 2246 its
1643 2192 1749 2246 intelli·

62 2299 152 2336 casune
172 2284 209 2336 ite
228 2279 330 2334 decidit
349 2273 482 2347 pontifex:
499 2292 561 2327 eum
578 2273 665 2328 libero
688 2272 804 2328 debenus
829 2292 886 2332 esee
933 2277 1045 2346 gendum
1063 2289 1115 2340 est,
1134 2277 1157 2330 si
1176 2289 1297 2347 parentes
1322 2276 1420 2330 nullum
1447 2277 1545 2342 iustam
1571 2272 1750 2330 dissentiendi

63 2366 268 2428 matrimonia,
293 2361 428 2432 mouenda
452 2365 493 2412 ert
519 2358 612 2428 potius
635 2375 718 2428 quom
747 2360 885 2428 cogendo,
935 2377 1037 2414 caucaso
1057 2363 1168 2430 allegere
1186 2360 1308 2430 possint,
1327 2360 1444 2429 alioquin
1468 2358 1542 2412 euim
1560 2359 1748 2418 consistorium

63 2467 125 2507 cum
149 2449 306 2504 coactiones
327 2442 455 2514 dffficiles
475 2443 585 2497 soleant
614 2441 705 2495 exitur
716 2437 885 2512 frequenter
936 2443 991 2497 illis
1008 2444 1148 2515 injungere
1167 2462 1220 2498 non
1240 2452 1338 2512 potest,
1352 2453 1381 2500 ut
1398 2458 1554 2498 consensuro
1573 2441 1751 2514 interponens.

21 2527 23 2560 ¹
63 2533 172 2588 tatere.
197 2529 343 2582 Existimat
355 2525 463 2596 quidem
474 2524 728 2590 Gouuelsaius,hoe
746 2525 811 2580 dnos
829 2537 885 2583 tex·
936 2524 993 2578 Iuro
1013 2525 1179 2594 iuterjuetes
1197 2526 1372 2582 dissentiendi
1391 2543 1480 2582 causes
1498 2527 1752 2599 hocquoqueretu·

21 2615 23 2648 ¹
66 2627 112 2672 tus
133 2617 168 2671 ite
187 2629 263 2685 posse
281 2609 439 2674 conciliari,
458 2609 611 2680 etquidem
631 2611 659 2662 in
677 2627 773 2681 genere
792 2621 887 2663 statua·
936 2608 1031 2675 lecim,
1045 2611 1067 2663 si
1087 2609 1282 2681 liheri,spreto
1300 2621 1436 2680 pareutum
1457 2628 1602 2677 eouseusu,
1620 2615 1752 2681 sponsalia

21 2703 23 2744 1
66 2717 144 2766 suus,
169 2697 315 2768 cogendum
341 2697 434 2768 utique
459 2711 582 2765 sponsum
615 2711 672 2748 esse
695 2696 731 2750 ed
755 2694 887 2766 sponsalia
937 2693 1100 2747 clandestine
1120 2696 1205 2763 jurate
1224 2695 1420 2750 celebraverint.
1437 2694 1626 2766 caputius.
1635 2696 1751 2768 jurispr.

21 2771 24 2824 l
67 2788 153 2857 iurata
172 2779 378 2862 cousummpndr
398 2779 540 2833 secuudum
560 2777 889 2844 decisionem,o.10.eit.
937 2777 1030 2833 eccles·
1053 2777 1106 2844 def.
1128 2779 1170 2830 ³0.
1195 2795 1222 2832 ss.
1245 2778 1273 2832 1.
1297 2795 1348 2850 qno
1365 2795 1426 2832 casu
1450 2780 1612 2848 magistratus
1629 2780 1752 2834 ecciesia-

21 2867 24 2910 Ι
67 2885 123 2922 nou
141 2881 204 2923 rero
223 2866 271 2918 hoc
290 2859 352 2916 iieri
372 2861 480 2927 debere,
499 2863 522 2915 si
543 2863 709 2918 rationabilis
726 2881 802 2917 cause
820 2865 891 2920 adsit
940 2859 1022 2916 sticus
1040 2859 1131 2934 inique
1147 2873 1249 2928 speret,
1263 2863 1285 2916 si
1306 2871 1428 2933 persistes
1445 2861 1477 2915 ed
1496 2877 1650 2916 consensum
1669 2861 1754 2916 iuter·

21 2943 24 2994 l
69 2951 100 3004 iu
119 2951 300 3014 eontrarium,
319 2947 421 3017 dequo
439 2963 499 3000 casu
519 2945 678 3016 intelligitur
695 2965 755 3019 cup.
779 2949 821 3002 17.
844 2949 889 3002 cis.
940 2944 1090 3014 ponendum
1108 2961 1200 3014 cogere
1218 2947 1310 3011 sellet,
1327 2947 1368 2999 cui
1389 2947 1478 3016 potius
1498 2945 1646 3012 incumbit,
1664 2964 1695 3000 eo
1712 2948 1753 2998 el·

21 3044 23 3078 l
69 3035 127 3101 ite,
140 3043 170 3088 ut
187 3033 232 3086 hio
250 3042 339 3087 textus
357 3032 489 3088 contiueat
506 3031 705 3104 exceptionem,
716 3032 791 3105 prior
802 3044 889 3090 eutem
936 3031 1070 3095 laborare,
1090 3041 1118 3084 ut
1137 3032 1292 3100 perentibus
1312 3031 1396 3086 honor
1415 3031 1521 3084 debitus
1539 3033 1626 3086 salsus
1651 3044 1678 3087 ct
1695 3033 1754 3086 tttt-

21 3113 23 3164 l
71 3119 202 3190 regulam.
938 3113 1012 3168 batus
1033 3124 1211 3170 conservetur.
1237 3114 1325 3184 Atque
1349 3115 1461 3186 proinde
1487 3115 1517 3169 iu
1540 3117 1591 3170 laon
1621 3133 1751 3172 uouemere

21 3217 23 3252 ι
108 3207 132 3264 ς.
150 3203 176 3253 d.
194 3203 292 3256 Verum
311 3195 378 3252 ratio
394 3195 536 3252 decidendi
554 3195 583 3250 iu
602 3213 660 3269 cop.
686 3197 730 3252 17.
748 3196 792 3252 cit.
810 3200 888 3254 edde-
938 3198 1236 3267 sponselieoieodestiua
1249 3200 1332 3265 iurata
1345 3201 1430 3254 nullas
1442 3199 1575 3254 habebunt
1589 3202 1671 3270 sires,
1683 3201 1754 3272 quod

21 3301 23 3336 ι
71 3296 110 3341 cte
128 3284 167 3337 ita
183 3290 335 3356 comparate
352 3287 409 3346 est,
428 3290 455 3333 ut
471 3281 505 3333 ed
523 3281 643 3350 quemuis
660 3297 764 3349 cesum,
783 3281 828 3335 obi
841 3285 889 3338 eii·
939 3280 1101 3352 preejudicio
1125 3283 1238 3350 elegeuti
1263 3283 1377 3336 illustret
1398 3283 1440 3335 itt.
1458 3281 1504 3336 du.
1523 3283 1612 3353 Stryk·
1629 3287 1665 3340 de
1688 3287 1753 3342 rls'ss.

21 3387 23 3424 t
68 3365 314 3440 quis'refrecteriue
331 3362 531 3440 est,epplicsri
550 3363 651 3434 possit,
664 3381 724 3416 nem
743 3365 765 3417 si
784 3367 825 3418 rel
838 3384 890 3419 me·
936 3365 1051 3432 epotam
1064 3376 1125 3420 sert.
1139 3369 1163 3420 1.
1173 3365 1198 3438 5.
1213 3367 1258 3418 38.

21 3479 22 3484 1
70 3455 144 3506 xime
176 3451 248 3504 nulle
276 3445 443 3500 rationabilis
472 3461 547 3500 cause
573 3445 757 3500 arefractario
781 3449 888 3520 allegari
974 3447 999 3519 5.
1016 3449 1042 3501 8.
1059 3449 1159 3504 Notum
1176 3459 1232 3515 est,
1250 3449 1319 3519 quod
1338 3447 1755 3520 eanontssaarpounttacttutuc

21 3571 22 3574 ,
68 3535 173 3606 possit,
193 3542 282 3586 temen
308 3530 333 3583 si
358 3529 462 3598 cogitur
490 3527 610 3581 absolute
633 3527 665 3579 ed
688 3529 888 3585 matrimonium
936 3542 1017 3600 guent
1035 3532 1062 3588 in
1080 3534 1142 3600 illu,
1160 3552 1227 3605 quae
1248 3535 1362 3588 suntde
1382 3537 1526 3602 praesenti
1546 3545 1572 3590 et
1590 3537 1752 3608 defuturo,

71 3613 327 3682 ineundum,etiem
346 3611 391 3668 iric
410 3609 683 3682 eppliearipreedlcte
702 3612 770 3663 retio
788 3621 890 3682 potest,
936 3633 1015 3685 quem
1039 3617 1240 3674 distinctionem
1263 3619 1343 3674 etism
1369 3631 1500 3674 nostrates
1525 3620 1674 3690 recipiunt,
1694 3633 1755 3681 utut
1861 3611 1864 3620 ¹

68 3704 139 3776 quod
152 3703 219 3756 tales
237 3699 384 3754 coactiones
402 3695 529 3752 difficiles
547 3697 649 3750 solunt
666 3696 757 3749 sortiri
776 3695 889 3764 effectus,
936 3699 1051 3754 diverses
1068 3699 1280 3770 definitiones,e
1299 3719 1428 3758 canonum
1447 3713 1536 3759 mente
1552 3707 1757 3778 pleneetieoas,

69 3801 96 3845 ot
112 3789 148 3843 ite
167 3787 201 3841 ed
220 3787 304 3854 majus
324 3785 424 3837 melum
447 3780 618 3862 enitendum,
635 3779 704 3850 quod
729 3795 762 3832 ex
786 3780 888 3835 discor·
937 3783 1105 3838 substituent.
1123 3786 1224 3856 Quodsi
1249 3803 1320 3841 euno
1337 3801 1479 3842 concursus
1507 3792 1755 3860 sponsaliorum·

69 3865 145 3928 danti
165 3867 338 3924 matrimonio
357 3865 529 3918 metuendum
548 3874 638 3930 est,e
660 3861 797 3915 coertione
817 3862 887 3916 desi·
933 3869 1116 3932 praeruptier
1133 3871 1167 3924 a,
1184 3869 1277 3934 sm„
1295 3869 1410 3938 emin,
1427 3883 1453 3926 e,
1477 3873 1623 3940 immam
1641 3885 1754 3948 ΜΨ

67 3951 210 4026 steudum,
222 3963 249 4006 ut
267 3949 482 4004 teroeu'iuterim
501 3946 600 4002 debitis
619 3947 712 4017 poeuis
729 3941 887 4001 efficiendus
935 3945 1057 4015 firmate,
1074 3951 1199 4019 pontifex
1222 3953 1382 4008 indistinete
1403 3955 1535 4024 sponsalia
1561 3957 1593 4010 de
1617 3961 1753 4029 praesensi

68 4035 180 4104 squpo
193 4049 261 4102 ¹casse
277 4033 412 4102 piaculum
430 4047 554 4084 essenon
572 4029 714 4094 existimo,
732 4028 887 4083 discorden·
935 4033 1109 4106 praeferende
1128 4055 1201 4104 esse,
1220 4048 1308 4093 censet
1326 4039 1356 4092 iu
1379 4055 1402 4092 c.
1423 4037 1491 4093 sirus
1510 4040 1553 4095 11.
1571 4051 1598 4096 et
1618 4061 1641 4097 c.
1666 4045 1692 4096 si
1706 4043 1751 4099 iu·

69 4129 123 4173 tero
144 4111 297 4188 pontificum
319 4115 475 4167 sententiaro
495 4112 541 4165 hio
558 4128 711 4182 agnoscere,
729 4114 818 4183 quales
831 4115 887 4184 plu·
938 4129 986 4173 ter.
1012 4121 1058 4173 31.
1080 4139 1111 4174 se.
1132 4121 1166 4178 de
1189 4122 1310 4186 sponsal.
1336 4122 1401 4176 lieet
1418 4124 1462 4196 cs)
1479 4124 1568 4195 prior.
1588 4124 1644 4179 ‚tur
1661 4127 1695 4181 d.
1713 4125 1752 4181 su.

68 4198 154 4253 rimae
173 4200 201 4250 iu
219 4201 277 4266 jure
294 4197 420 4250 canonico
437 4206 630 4256 occurrunt,et
643 4197 728 4250 tutius
745 4213 885 4262 cese,ore-

68 4283 120 4348 do,
138 4281 278 4335 seritetem
296 4279 480 4350 fateri,quam
499 4279 644 4350 sophistice
662 4280 884 4349 interpretatione

69 4373 188 4420 suentem
217 4382 344 4418 ceuouuso
376 4363 556 4418 internectere.
587 4366 617 4420 Si
645 4374 734 4418 eutem
762 4365 883 4434 quaeris,

67 4466 194 4524 queeusm
213 4447 313 4502 decisio
337 4445 508 4519 prueferende
534 4447 584 4513 sit,
601 4447 716 4501 arbitror
740 4445 815 4500 Lucii
835 4449 884 4502 111.

69 4529 272 4608 praeferendam
291 4547 360 4596 esse,
379 4549 438 4586 cum
457 4533 536 4585 etiem
554 4533 732 4600 juramentum
749 4546 782 4584 ex
800 4532 884 4586 serio·

69 4619 145 4674 ribus
165 4615 309 4689 principiis
327 4633 379 4670 uon
399 4617 484 4687 possit
509 4617 633 4684 majorem
651 4613 769 4670 tribuere
782 4614 836 4670 rim
856 4633 883 4668 a·

69 4701 141 4763 etni,
161 4718 191 4752 se
208 4697 316 4769 quidem
334 4698 397 4751 huic
420 4699 501 4754 inest.
520 4697 551 4752 Si
577 4697 664 4766 itsque
682 4698 711 4748 in
729 4715 824 4768 genere
841 4716 885 4752 re·

69 4783 208 4837 fructerius
226 4786 283 4852 rogi
305 4783 414 4854 nequit,
432 4800 480 4837 nee
499 4783 579 4836 etiarn
597 4780 716 4836 absolute
737 4783 795 4854 copi
813 4793 885 4854 pote·

69 4869 122 4933 rit,
142 4867 165 4920 si
191 4869 231 4921 rel
254 4869 372 4922 maxime
393 4866 554 4938 interposito
575 4865 726 4936 interuentu
753 4867 885 4938 sponsalia

69 4955 234 5008 contraxerit.
774 4999 775 5002 ,

106 5039 134 5108 5.
151 5041 179 5092 d.
197 5039 249 5092 Sed
268 5038 425 5108 plerumque
449 5036 597 5106 contingit,
615 5046 645 5090 ut
670 5033 800 5107 sponsalia
817 5038 886 5091 eleu-

70 5119 172 5176 destina
190 5131 217 5175 et
236 5123 343 5191 publice
361 5131 539 5186 concurrent,
556 5131 581 5175 et
603 5132 714 5192 utraque
734 5120 826 5176 itidem
845 5124 886 5192 Ιιι·

934 4213 994 4258 ιιιιο
1010 4201 1049 4275 β)
1060 4205 1204 4271 iuramento
1222 4207 1382 4277 interposito
1400 4219 1538 4265 contracte.
1557 4211 1696 4265 Rationem
1709 4212 1752 4267 de·

932 4293 1039 4350 uidendi
1057 4297 1153 4350 exinde
1171 4296 1302 4362 descruit,
1317 4297 1386 4367 quod
1404 4297 1565 4368 posteriore,
1579 4313 1618 4350 so.
1635 4298 1668 4351 de
1679 4315 1753 4364 pree·

934 4377 1022 4445 senti,
1040 4379 1097 4432 siut
1114 4380 1202 4450 ipsum
1220 4380 1436 4446 matrimonium,
1454 4383 1489 4434 ob
1512 4381 1673 4436 deeleratnm
1697 4385 1751 4451 iam

934 4477 1089 4516 consensum
1111 4463 1351 4530 matrimonialem,
1369 4483 1422 4536 quo
1439 4466 1514 4536 ipso,
1531 4481 1591 4520 cum
1613 4469 1667 4536 jesu
1685 4485 1752 4538 quo·

934 4543 1074 4601 dummodo
1093 4556 1283 4601 sacramentum
1302 4547 1387 4616 adsit,
1406 4551 1535 4622 seperstio
1556 4551 1644 4605 omnis
1665 4551 1754 4624 impe:

935 4628 1033 4683 dietus.
1052 4631 1105 4685 Sed
1129 4631 1209 4686 sicuti
1228 4633 1257 4686 iu
1283 4649 1362 4688 seusu
1379 4633 1447 4703 juris
1469 4635 1589 4690 canonici
1613 4636 1685 4706 apud
1702 4653 1752 4691 nos

935 4729 988 4765 non
1006 4725 1066 4768 sunt
1082 4713 1212 4783 eiusmodi
1230 4717 1361 4785 sponsalia
1380 4716 1413 4770 de
1434 4719 1582 4789 praesenti,
1600 4737 1666 4789 quse
1691 4737 1749 4774 sua-

936 4795 1091 4850 trimouiuru
1109 4799 1195 4868 ipsum
1210 4799 1388 4865 constituent,
1401 4810 1428 4855 et
1444 4801 1706 4857 indissolubilitstesu
1721 4805 1752 4858 iu

938 4893 966 4933 se
982 4880 1151 4944 contineant,
1170 4881 1208 4938 uti
1226 4882 1266 4935 ill.
1283 4883 1329 4938 du.
1347 4883 1436 4956 stupis.
1453 4885 1534 4940 tude
1550 4887 1659 4941 ducens.
1674 4905 1753 4956 spon·

935 4963 985 5018 sol.
1007 4974 1070 5018 rest·
1094 4967 1121 5018 1.
1146 4965 1172 5036 fi.
1195 4964 1238 5019 71.
1263 4981 1337 5038 sequ.
1362 4965 1451 5034 docet,
1471 4969 1508 5023 ite
1526 4969 1593 5024 retio
1610 4957 1750 5025 decidendi

935 5045 1046 5103 adducta
1062 5045 1223 5102 decisionem
1247 5051 1277 5105 in
1297 5051 1396 5106 nostrie
1413 5052 1528 5108 formare
1553 5055 1645 5124 nequit
1662 5055 1750 5110 cousi·

934 5130 1031 5186 stoslie.
1060 5131 1170 5187 Scilicet
1199 5135 1330 5206 sponsalis
1359 5137 1392 5191 de
1420 5135 1562 5207 praesenti
1585 5139 1641 5209 ipse
1672 5139 1751 5194 nobis

71 5215 190 5258 ramento
206 5199 313 5258 firmata
330 5205 403 5272 sict,
421 5204 467 5256 ubi
484 5203 593 5276 quidem
617 5216 718 5260 metum
736 5215 792 5272 “la
810 5223 885 5276 rcflu-
933 5213 1044 5285 propris
1059 5215 1127 5271 dieta
1144 5220 1276 5290 sponsalis
1290 5221 1479 5294 suut,queudo
1498 5239 1563 5296 pure
1578 5225 1751 5279 consentiunt

68 5287 165 5340 leriter
182 5288 315 5358 sponsalia
333 5289 438 5358 publice
455 5288 611 5343 indistincte
628 5287 798 5361 praeferende
815 5307 885 5356 esse,
933 5299 1113 5356 mauraneum
1131 5303 1160 5355 t„
1179 5303 1378 5360 murmurum
1392 5307 1524 5375 surarum,
1535 5311 1608 5379 cuju,
1626 5327 1748 5363 comm.

71 5371 128 5422 eise
154 5371 243 5438 priore
271 5371 389 5442 fuerint,
406 5374 463 5428 sire
493 5371 652 5444 posteriora,
674 5389 730 5441 cup.
753 5371 777 5426 2
799 5391 829 5428 e.
852 5371 886 5428 de

934 5383 1017 5439 seatio
1035 5385 1122 5441 edisne
1140 5387 1276 5454 differtur,
1295 5389 1329 5446 de
1339 5387 1444 5460 jutum
1468 5403 1553 5447 eutem
1572 5403 1634 5448 sunt
1652 5396 1748 5462 reipa-

70 5451 159 5504 cluud.
177 5455 301 5524 desperes.
319 5455 411 5514 Beust.
435 5457 470 5510 de
486 5471 575 5523 mous.
591 5473 652 5529 cap.
670 5459 716 5511 17.
733 5457 779 5512 du.
797 5457 885 5531 Strpl.
932 5476 1005 5520 etum
1022 5469 1054 5524 de
1077 5467 1181 5533 lictoris
1196 5473 1387 5540 sponsalibus,
1404 5475 1446 5528 sel
1461 5475 1651 5531 conditionale
1666 5491 1746 5545 spor·

71 5535 104 5620 de
120 5538 231 5592 diruens.
254 5544 376 5610 sponsal.
399 5553 463 5599 sees.
484 5542 511 5596 1.
536 5557 593 5614 cap·
616 5543 691 5632 ³25·
714 5543 882 5621 &Cespeon
932 5553 1014 5612 aun.
1035 5553 1117 5613 ilisee
1133 5555 1229 5630 positis
1247 5555 1446 5616 definitionibus
1462 5559 1486 5618 ei
1504 5561 1645 5614 erundum
1664 5558 1744 5629 curp-

160 5625 265 5697 Stryks‘s‘
284 5630 347 5686 Vol.
363 5631 416 5685 11.

1311 5641 1347 5696 19
