4442 6158
253 317 308 374 613

197 413 263 468 dass
280 413 352 467 nocis
372 409 540 484 Gelepetsieit
557 409 607 464 des·
631 410 692 465 Zeti
710 408 759 464 dns
787 407 941 480 Getrsydipt
963 426 1008 464 nm

195 497 322 551 ditttctten
346 498 438 550 Wertlr
455 491 605 564 uerlrauffl,
622 513 655 546 su
672 491 783 562 offinen
793 493 884 562 seilen
906 491 1012 544 Marcii

194 581 341 652 geirnclrt,
358 579 426 647 nsiff
437 577 480 632 dle
501 575 714 646 Vurlreeuffere,
733 576 791 630 und
807 577 907 629 undere
924 577 1010 646 eipen-
1036 609 1038 620 ·

1037 725 1039 730 Α
1062 658 1103 711 sel
1119 658 1177 725 lege
1193 659 1304 727 accepit:
1324 659 1458 723 neminie,
1476 661 1545 730 quud
1565 681 1606 716 res
1624 666 1681 736 ipsa
1698 669 1796 722 seclusa
1815 688 1876 740 qu..

195 745 294 800 trietlrr
310 745 433 799 tetmttot
451 745 627 809 bespreelsen,
646 741 802 814 effuderis,
826 743 1012 812 unjiclriitten,
1036 739 1039 807 ἶ
1062 759 1173 811 cumque
1192 743 1247 810 lege
1265 742 1378 796 bumsns
1397 761 1426 795 ac
1445 746 1517 813 publ.
1541 748 1644 802 decreto
1666 751 1752 806 babet.
1770 755 1802 807 ln
1825 772 1876 824 qno
1894 755 1930 809 91

195 831 257 883 und
272 832 387 884 berneris
399 829 475 882 ilrren
490 828 706 885 Unedrlstliclren
725 828 841 883 Wuelrer
851 828 909 880 und
919 827 1014 880 ticdin·
1037 813 1040 886 Ι

192 663 299 734 ndtxipe
316 665 416 726 Lente,
439 677 470 714 ru
495 663 547 716 der
565 661 696 728 Getreyde
712 660 748 713 ius
766 659 864 714 lende
881 660 928 712 din
955 659 1015 712 und

791 311 840 366 DE
858 305 1063 368 rlxttmttlt
1079 304 1275 363 Fuuuuttrt.

1060 422 1126 458 nem
1144 404 1179 458 sit
1186 405 1289 474 ireseum
1301 403 1457 460 lucutionis
1467 423 1488 494 u¹
1496 323 1877 496 magistratusritentiiopre

1061 487 1143 542 tium?
1161 491 1211 542 Ubi
1232 507 1428 560 praesuppouu:
1449 493 1558 561 pretium
1578 513 1635 550 ease
1647 501 1688 553 sel
1701 505 1826 572 naturale,
1837 509 1877 564 sel

1061 569 1214 639 legitimum.
1227 571 1387 641 Legitimum
1406 575 1559 641 dicoillud,
1573 585 1643 648 qnod
1663 601 1705 638 res
1727 603 1761 641 ex
1783 599 1878 644 statuto

1062 837 1149 879 temen
1168 827 1344 880 cummuniter
1362 845 1413 880 non
1432 827 1490 898 ipss
1513 840 1620 886 uaturse
1643 835 1682 887 rei
1708 839 1876 906 preestautia,
1924 888 1927 895 f

195 914 278 984 dercy
294 913 378 968 dumis
395 913 507 976 treiben,
525 915 568 966 rs'n
587 923 690 967 ernstes
701 911 828 966 einselsen
836 912 944 980 prlicit,
959 913 1017 964 und
1037 899 1040 974 i
1064 909 1108 961 ted
1128 910 1215 978 potius
1232 928 1309 980 quam
1329 913 1443 964 maxime
1460 930 1533 980 usus,
1549 932 1625 983 qssesu
1639 917 1790 973 horninibus
1802 939 1877 992 prse-

195 1001 245 1050 oss't
267 997 444 1067 nceqnurtnp
454 995 503 1051 der
517 999 758 1067 dureusgeretetrn
773 996 908 1066 d’trqffen,
923 1015 1014 1051 unnu-

137 1079 176 1133 83
193 1081 327 1149 citiuessr'g
343 1080 442 1134 wieder
454 1079 500 1133 Sis
517 1081 666 1150 urfsoltren
680 1081 775 1134 werde.
795 1083 865 1134 Haec
876 1082 958 1152 quoad
973 1084 1013 1148 jus

196 1165 365 1226 saxonicum,
391 1160 436 1216 ubi
462 1179 509 1231 per
525 1164 660 1230 allegatum
679 1166 893 1218 constitutionem
913 1165 1013 1220 senatui

196 1245 354 1316 municipali
374 1257 483 1316 potestas
502 1247 607 1304 taxandi
626 1249 795 1319 relinquitur.
806 1249 904 1303 Veru'ro
919 1253 963 1303 ills
977 1260 1013 1302 ts·

196 1347 259 1383 men
278 1347 331 1384 uon
348 1329 414 1392 adeo
431 1327 582 1399 frequenter
600 1323 709 1384 utuntur
727 1335 894 1402 magistratus
912 1335 1013 1396 nostri,

194 1413 241 1467 sed
260 1429 292 1466 ex
310 1415 502 1468 cousuetudine
519 1414 584 1484 (ott
602 1428 625 1468 et
644 1416 750 1486 Lipsiae
775 1415 834 1470 fieri
853 1419 938 1484 solet)
958 1415 1012 1470 iru-

196 1509 286 1552 rueuta
304 1499 447 1556 secuudum
468 1501 583 1568 pretium
602 1501 716 1554 naturale
733 1501 790 1553 uid.
814 1520 842 1554 n.
867 1503 911 1553 38.
935 1501 1011 1554 rendi

192 1585 373 1634 cummuniter
391 1583 537 1652 potiuntur.
554 1581 627 1652 Quid
645 1584 672 1635 in
691 1574 813 1636 lilrrcbia
830 1587 948 1638 obtinent
968 1587 1011 1636 do

193 1673 235 1715 ret
255 1665 349 1716 excell.
366 1664 402 1716 du
434 1664 520 1734 Stryk.
539 1666 636 1736 disput.
655 1665 733 1735 alleg.
753 1666 786 1719 tie
804 1665 969 1720 Derdame.
988 1668 1014 1719 3.

139 1753 175 1806 81
194 1753 217 1810 §-
236 1749 280 1800 33.
303 1751 440 1817 Perpetem
459 1749 569 1804 edulia,
589 1749 642 1802 nisi
661 1767 755 1802 uorum
774 1750 882 1818 ‹lubipm
897 1769 927 1804 cx
942 1751 1012 1804 diets

192 1833 363 1886 ordinatione
382 1843 456 1886 trxse
473 1834 594 1886 saxonica
613 1835 749 1886 subortum
770 1834 915 1887 tollendum
938 1836 1012 1906 prius

139 1919 176 1972 83
193 1917 354 1980 cusculium
373 1936 431 1971 curu
451 1918 637 1970 serenissimus
655 1917 778 1986 princeps
796 1919 933 1986 cujuslibet
946 1920 1012 1972 cisi·

191 2005 253 2060 setis
272 2003 437 2071 magistretui
457 2018 580 2072 expresse
606 2001 792 2066 mandauerit,
819 2013 846 2058 ut
870 2003 1011 2057 cnttosno·

193 2106 255 2142 uem
277 2089 364 2149 telem,
382 2088 468 2156 qualis
487 2103 514 2138 rr.
531 2086 576 2139 82.
594 2097 798 2140 commemorata
816 2097 865 2152 est,
879 2085 1010 2153 conficiet,

193 2173 291 2226 serbis:
308 2172 357 2224 mit
374 2170 463 2222 dieser
479 2167 700 2223 nusrlriiritir'clseu
723 2171 880 2237 Verreltung
890 2170 947 2221 und
960 2171 1012 2224 Be·

192 2256 306 2321 selrls'clsr
324 2267 347 2311 et
366 2263 499 2324 praeterea
519 2253 629 2321 reliquis
646 2251 816 2316 victualibus,
837 2263 864 2304 ut
879 2253 962 2316 carui,
977 2254 1014 2324 pi·

192 2343 291 2405 ssibus,
309 2341 377 2402 osis,
397 2341 506 2405 butyro,
521 2354 610 2393 caseo.
630 2345 678 2389 etc.
694 2327 754 2404 ¹ipse
773 2335 886 2406 pretium
911 2337 1010 2388 ibidem

190 2425 342 2482 dictaverit:
360 2422 495 2490 arripient
514 2421 563 2472 boc
580 2419 778 2482 dissentientes,
795 2431 822 2472 et
835 2419 1012 2474 insleccucln·

193 2503 398 2572 dent,.or·lines
418 2504 558 2572 municipii
578 2507 619 2571 jus
637 2503 717 2573 pretii
730 2503 849 2556 dictandi
864 2504 891 2556 iu
906 2521 1009 2556 sstnoua

191 2592 253 2645 sine
278 2577 524 2660 specisli'exereere
542 2605 600 2647 ¹nou
626 2603 712 2656 posse.
739 2586 790 2640 Sed
817 2587 879 2639 inec
902 2589 1009 2658 quidem

137 2667 175 2723 83
196 2674 266 2726 tanti
286 2688 337 2725 nou
355 2681 426 2723 suut.
444 2671 511 2724 Natu
531 2673 558 2722 1.
575 2670 643 2738 quod
657 2670 755 2736 cernis,
769 2671 854 2740 butyri
868 2681 1010 2726 etctaxum

190 2758 302 2821 attinet,
321 2774 371 2809 non
385 2757 515 2808 ideueasu
529 2755 653 2808 exhibuit
665 2757 782 2825 optimus
795 2757 1011 2825 princeps,qussi

190 2844 393 2914 mugistrstilsus
412 2841 586 2896 inferioribus
605 2843 633 2894 lu
648 2843 722 2894 bisce
735 2853 889 2912 potestatem
905 2843 1012 2894 tsxausli

190 2932 312 2984 adimere
329 2927 465 2990 sciuisset,
482 2928 527 2978 sed
547 2928 644 2996 potins,
663 2928 737 2979 utin
761 2927 846 2996 pretio
865 2927 907 2980 bis
932 2929 1011 2980 rebus

192 3016 225 3070 ab
245 3015 314 3086 ipsis
333 3012 495 3084 imponendo
512 3015 685 3083 proepositam
703 3014 914 3077 ordineticuem,
932 3031 1013 3081 quan-

192 3111 246 3154 tum
266 3097 403 3172 possibile,
422 3107 578 3166 sequnntur,
597 3107 724 3150 caeterum
744 3115 803 3150 sero
822 3097 872 3166 ipsi
893 3098 1010 3152 eumdem

195 3184 265 3250 juxte
282 3183 468 3234 discretionem
489 3196 562 3232 suam
587 3181 670 3232 enisis
696 3181 842 3250 municipio
863 3185 1012 3251 applicent,

197 3284 228 3320 ec
245 3267 338 3318 emisse
358 3269 516 3334 supplesut,
533 3282 584 3332 quo
609 3263 705 3318 totum
728 3264 808 3316 verta
830 3264 1014 3335 praefationis

203 3351 266 3401 Teu
281 3350 415 3418 ordnung
431 3349 455 3401 si.
464 3345 496 3416 s.
515 3349 576 3400 331.
590 3345 660 3414 sere
683 3349 719 3400 ab
736 3349 795 3400 init.
814 3349 863 3401 wie
881 3351 952 3403 deon
971 3351 1013 3404 die

199 3432 482 3502 [luter-Obriplrct‘ten.
498 3442 546 3484 etc.
564 3441 590 3484 et
605 3433 766 3500 preesomen
785 3443 871 3486 loaeue
883 3434 928 3486 ties
941 3433 1012 3487 Flei·

136 3518 243 3579 87101
264 3513 412 3585 Krastos.
432 3533 467 3567 m.
487 3516 549 3567 ³8³.
567 3516 592 3565 3.
612 3516 688 3583 Quod
708 3514 741 3564 de
759 3513 892 3568 irumentu
906 3517 932 3568 iu
954 3533 1009 3586 spe·

194 3603 238 3652 cie
254 3600 431 3666 objiciebstur
448 3602 504 3652 lese
521 3611 570 3651 est.
586 3598 652 3650 Nam
670 3601 790 3666 qnsmsis
809 3599 926 3652 nsndrtt
941 3601 1014 3655 einer

193 3682 352 3750 Bescdliclrs
372 3687 472 3735 mentio
488 3678 535 3734 fist
554 3699 582 3733 n.
599 3681 644 3734 83.
664 3699 715 3734 uun
737 3693 821 3736 tumen
840 3685 938 3735 exinde
956 3701 1014 3736 con·

194 3769 221 3819 rl
233 3769 366 3828 ideudum,
383 3768 457 3836 quasi
476 3766 535 3819 siue
554 3765 604 3818 boc
630 3766 798 3833 magistretus
817 3765 959 3818 inferiores
979 3777 1014 3820 te-

196 3867 260 3902 xam
280 3851 417 3917 imponere
433 3865 486 3900 nou
504 3849 670 3916 potuissent,
688 3848 744 3910 sed,
763 3851 799 3900 uti
818 3859 952 3902 contextus
969 3854 1015 3902 oss

198 3933 297 3996 tendit,
316 3933 398 3984 soluit
415 3931 498 3984 solum
517 3932 634 4000 optimus
652 3943 725 4002 pater
742 3933 842 4000 pstrire
854 3932 957 3986 eosdem
972 3935 1013 3986 liis

197 4017 287 4072 serbis
305 4013 390 4068 oiltcii
407 4017 457 4077 sui,
474 4015 542 4085 qued
556 4018 622 4084 ipsis
636 4017 686 4080 istu
700 4018 757 4080 inre
770 4019 933 4084 magistratus
945 4035 1013 4071 cnm·

196 4099 321 4170 petebst,
339 4099 495 4162 admouere,
513 4099 581 4166 quod
602 4099 714 4150 innuunt
735 4097 819 4150 rerba:
838 4099 923 4151 Ibren
946 4101 1016 4169 Psti-

196 4186 277 4238 elren
298 4182 375 4237 rtcclr.
397 4181 429 4234 Et
446 4199 508 4248 ergo
528 4192 629 4234 tentum
641 4183 724 4244 abest,
744 4193 770 4232 ut
790 4183 873 4236 dictus
885 4184 956 4250 lucus
969 4203 1012 4238 uu·

196 4267 241 4320 bis
259 4268 364 4331 obstet,
381 4277 408 4320 ut
427 4266 515 4335 potius
532 4267 664 4317 sententis
677 4277 764 4319 nostra
779 4283 871 4323 uorum
886 4265 1015 4321 roborac-

198 4354 223 4404 ei
245 4351 293 4402 ist·
857 4405 860 4413 ,

142 4438 181 4490 88
227 4371 311 4512 pQuae
328 4433 361 4488 de
372 4429 507 4486 efficiente
520 4433 658 4488 tintinnis
669 4432 859 4493 irumeutsriae
869 4453 943 4490 causa
956 4453 1015 4504 pro·

200 4517 256 4570 lixe
275 4519 398 4570 hacteuus
416 4519 599 4586 exposuimus,
617 4517 650 4570 ad
675 4519 739 4570 elias
763 4519 923 4584 qusestiones
948 4519 1017 4572 deci·

186 4600 292 4653 dendss
312 4617 382 4653 nuuc
399 4600 697 4668 eommorleproderuut.
712 4603 856 4672 Quaeritur
868 4604 939 4654 enisu
954 4620 1013 4672 por·

200 4704 232 4740 ro
252 4695 306 4738 tusn
325 4685 358 4734 de
375 4685 478 4752 objecto
495 4684 558 4738 reoli
579 4683 735 4736 taxstioniss
757 4701 794 4734 un
819 4685 935 4752 pretium
958 4683 1017 4744 ssu·

142 4770 183 4823 89
202 4782 294 4823 mento
311 4767 393 4824 etium
411 4787 469 4822 tren
487 4770 580 4822 seneli
592 4768 677 4822 stntnr'
691 4769 795 4839 quent?
806 4789 881 4838 quem
899 4767 1016 4824 affirme-

1037 975 1040 996 ¹
1064 1003 1131 1045 stare
1149 993 1224 1059 solet,
1242 994 1398 1062 adspicitur.
1423 995 1507 1061 Nam,
1533 999 1555 1050 si
1583 999 1629 1052 ills
1655 1001 1699 1052 bie
1721 1002 1878 1059 attendenda

1063 1071 1151 1136 t'oret,
1169 1077 1260 1145 utique
1279 1077 1416 1146 pediculos
1434 1078 1564 1132 irumeuti
1583 1099 1664 1152 grano
1691 1085 1777 1139 rarius
1803 1088 1879 1142 rendi

1063 1155 1179 1223 deberet,
1197 1160 1320 1227 quonism
1341 1177 1427 1212 rernm
1447 1165 1629 1218 sensitiserusu
1643 1179 1735 1221 ustura
1748 1180 1881 1238 praestan·

1065 1241 1117 1294 tior
1136 1251 1176 1296 est
1200 1242 1535 1315 se'getsttsis.·lttqusn·to
1558 1247 1696 1306 limenio
1722 1253 1770 1308 hcc
1793 1256 1880 1325 prelio

1063 1324 1143 1377 etism
1163 1325 1268 1381 allectio
1287 1329 1423 1384 homiuum
1441 1333 1525 1383 locum
1545 1335 1597 1388 sibi
1616 1335 1742 1402 riudieai,
1767 1351 1792 1392 el
1815 1340 1880 1396 eliso

1065 1425 1117 1460 nou
1137 1425 1241 1479 semper
1258 1427 1289 1462 ex
1310 1413 1367 1480 ipss
1387 1417 1425 1466 rei
1445 1416 1589 1470 intrinsece
1616 1429 1707 1473 nsturs
1725 1421 1880 1478 desumitur.

1063 1491 1196 1560 Quicquid
1215 1505 1300 1546 tumen
1320 1496 1395 1564 hujus
1414 1497 1460 1561 sit,
1480 1499 1654 1554 nibilominus
1666 1503 1727 1554 hoie
1739 1507 1826 1574 pretio
1838 1525 1868 1560 so
1897 1502 1933 1554 ⁹²

1062 1574 1184 1627 eubulum
1198 1578 1332 1630 netumlr's
1343 1582 1540 1635 accommodare
1552 1584 1656 1649 licebit,
1677 1603 1734 1638 curn
1755 1589 1819 1640 illud
1839 1591 1883 1644 bic

1063 1659 1181 1724 praecise
1198 1670 1317 1713 sumatur
1333 1665 1484 1732 opposisire
1498 1685 1544 1736 pru
1556 1669 1630 1720 omni
1643 1687 1682 1736 eo,
1694 1672 1763 1741 quud
1777 1691 1828 1724 uon
1842 1686 1881 1727 est

1062 1739 1222 1807 legitimum,
1242 1747 1371 1813 perculite
1389 1749 1489 1801 Melius
1507 1751 1569 1822 dej.
1583 1763 1610 1804 et
1631 1755 1652 1820 Ῐ.
1676 1764 1753 1809 tract.
1772 1757 1797 1806 2.
1815 1757 1881 1824 disp.

1062 1824 1124 1874 317.
1143 1826 1247 1893 Quibus
1267 1828 1435 1897 praemissis,
1463 1845 1527 1902 puto
1544 1836 1650 1890 cuilibet
1677 1847 1781 1906 patere,
1802 1858 1879 1910 quse·
1896 1830 1932 1882 ⁹3

1061 1908 1170 1960 stiuuem
1191 1910 1218 1960 iu
1237 1914 1369 1980 prseseuti
1388 1931 1440 1966 uon
1455 1933 1511 1968 esse
1523 1919 1555 1969 dc
1567 1921 1638 1984 justo
1651 1921 1738 1989 pretio
1751 1920 1880 1976 irumeuti

1063 1993 1192 2058 naturali,
1209 1997 1281 2062 cujus
1299 1999 1426 2066 requisitu
1445 1999 1523 2051 letius
1542 2005 1706 2073 persequitur
1725 2007 1837 2060 tttottos.
1855 2009 1881 2062 d.

1061 2071 1080 2124 l.
1093 2073 1158 2144 disp.
1173 2075 1233 2127 318.
1249 2088 1276 2128 et
1288 2079 1362 2131 mule.
1379 2097 1452 2151 seqq.
1470 2083 1554 2152 deque
1571 2104 1602 2138 eu
1626 2085 1696 2139 iuira
1719 2091 1746 2141 iu
1772 2093 1881 2144 materie

1063 2161 1209 2225 emptionis
1223 2163 1298 2230 plura
1311 2163 1423 2216 dicenda
1437 2165 1596 2233 reoffereut3
1610 2171 1654 2222 sed
1668 2173 1797 2240 legitimo,
1810 2175 1882 2229 iulet·
1899 2157 1933 2210 91

1061 2260 1126 2310 quse
1138 2244 1192 2296 duo
1205 2261 1233 2298 es
1247 2264 1348 2318 quoque
1357 2258 1399 2300 est
1411 2249 1572 2316 differentis,
1582 2255 1650 2323 quod
1665 2256 1730 2310 illud
1744 2257 1779 2310 ub
1797 2261 1883 2313 sarias

1060 2329 1271 2386 circumstsutias
1283 2343 1309 2385 et
1321 2334 1479 2388 soluntetem
1502 2341 1661 2408 prisatcrum
1681 2336 1820 2396 huminum
1839 2365 1882 2401 ss·

1062 2413 1127 2464 rism
1137 2423 1164 2466 et
1176 2415 1262 2484 ipsum
1277 2419 1369 2482 surlet,
1381 2437 1411 2472 ae
1424 2421 1596 2475 lstitudincm
1605 2426 1743 2493 quemdum
1752 2427 1881 2496 sdmittat,

1062 2495 1130 2550 mule
1141 2519 1155 2552 a
1167 2499 1211 2552 dd.
1226 2503 1401 2555 communiter
1412 2504 1441 2555 in
1465 2513 1528 2558 tres·¹
1538 2509 1638 2576 species
1651 2507 1823 2578 dispescitur:
1843 2529 1883 2566 su·

1062 2595 1180 2648 premium
1195 2599 1239 2635 seu
1253 2585 1410 2654 rigorcscm,
1422 2589 1538 2641 medium
1554 2607 1597 2644 seu
1612 2581 1783 2660 moderatum,
1797 2605 1824 2648 et
1843 2597 1884 2648 in·
1949 2605 1952 2612 '

1061 2662 1154 2718 limum
1169 2685 1214 2720 seu
1228 2670 1312 2736 pinon
1327 2671 1375 2723 huc
1388 2689 1459 2734 aere,
1472 2675 1595 2742 quonism
1609 2677 1660 2742 isto
1675 2693 1706 2730 ex
1716 2679 1882 2748 megistratus
1900 2677 1934 2729 33

1062 2750 1193 2824 roluutste
1205 2753 1450 2808 determinetionem
1462 2759 1572 2826 socepin
1585 2760 1755 2814 indisisibile
1765 2772 1815 2831 est,
1829 2766 1884 2817 nul·

1063 2830 1167 2899 lamque
1184 2837 1358 2889 secessionem
1377 2841 1506 2907 sdmlttit‚
1524 2841 1587 2905 sed,
1606 2845 1628 2894 si
1649 2845 1750 2914 aliquid
1770 2847 1884 2918 amplius

1061 2916 1221 2986 accipiatur,
1244 2918 1293 2970 etsi
1318 2923 1346 2971 in
1372 2920 1487 2974 dimidie
1506 2940 1558 2975 nun
1577 2925 1627 2976 sim
1646 2927 1743 2994 iseros,
1762 2932 1882 2984 eruditio

1063 3012 1147 3053 tumen
1167 3002 1254 3054 stutim
1274 3002 1368 3070 injuste
1387 3005 1448 3070 erit,
1467 3017 1490 3059 et
1510 3007 1609 3060 siolaus
1622 3011 1706 3078 legem
1720 3033 1819 3084 poenee
1835 3019 1883 3069 ob-

1063 3089 1166 3140 noxius.
1185 3086 1248 3139 Viti.
1265 3087 1365 3139 Melius
1383 3087 1445 3142 dict.
1464 3090 1531 3161 disp.
1551 3092 1612 3143 317.
1630 3095 1711 3148 Grot.
1726 3097 1758 3148 rie
1775 3097 1796 3164 1¹.
1820 3098 1845 3152 b.
1858 3099 1884 3149 2.

1065 3172 1107 3223 tu.
1127 3170 1170 3222 tt.
1188 3171 1314 3240 Qttamsis
1331 3173 1419 3241 itrque
1435 3175 1533 3227 subditi
1555 3176 1586 3228 de
1611 3178 1697 3246 pretio
1719 3197 1734 3231 a
1761 3181 1880 3252 principe
1897 3172 1933 3222 91

1063 3259 1150 3326 posito
1168 3259 1301 3328 disputsre
1317 3275 1370 3311 nou
1390 3259 1507 3324 debeant,
1525 3263 1570 3312 sed
1591 3266 1770 3333 praesumptio
1788 3269 1822 3318 sit
1835 3269 1884 3337 pru'

1063 3342 1165 3411 pretio,
1182 3343 1280 3409 justum
1300 3341 1364 3394 illud
1383 3359 1449 3406 esse,
1466 3346 1590 3413 quonism
1609 3347 1657 3399 soli
1678 3347 1796 3420 principi
1817 3359 1883 3402 'cura

1063 3427 1186 3478 utilitatis
1204 3427 1270 3496 reip.
1289 3443 1319 3480 er
1338 3429 1485 3496 quostiam
1506 3444 1592 3481 rerum
1613 3431 1695 3499 pretia
1714 3441 1881 3500 segmentum

1063 3518 1090 3562 et
1108 3509 1296 3563 detrimentum
1309 3510 1435 3580 cepioni,
1453 3512 1624 3582 relinquenda
1636 3523 1685 3577 ests
1701 3515 1778 3568 debet
1792 3525 1878 3569 temen
1898 3502 1934 3554 17

1063 3591 1176 3660 quilibet
1196 3593 1276 3646 bouus
1296 3594 1464 3664 magistratus
1482 3597 1510 3647 in
1529 3600 1656 3651 tsxsticue
1669 3600 1824 3667 aequitatem
1838 3617 1883 3652 ne·

1066 3677 1192 3740 tursleru,
1215 3679 1355 3742 acinetum
1374 3677 1456 3748 pretii
1481 3679 1610 3731 naturalis
1634 3699 1686 3734 ncu
1712 3693 1879 3752 postponere,

1064 3760 1127 3814 adeo
1146 3773 1183 3824 ut,
1203 3765 1224 3814 si
1245 3773 1346 3818 certum
1365 3764 1410 3827 sit,
1429 3765 1497 3820 haue
1510 3767 1668 3836 nequitatem
1680 3783 1736 3821 esse
1745 3769 1883 3830 omissum,

1064 3863 1116 3898 non
1136 3849 1219 3901 sulnns
1238 3859 1329 3920 peccet
1347 3851 1482 3921 princeps,
1500 3863 1543 3902 sut
1562 3853 1622 3914 iste,
1639 3853 1679 3904 cui
1700 3853 1808 3907 incultus
1820 3854 1884 3905 brec

1062 3947 1075 3979 a
1094 3931 1215 4000 principe
1233 3945 1272 3985 est
1290 3949 1421 3996 concessa,
1440 3934 1487 3987 sed
1505 3936 1585 3986 etism
1605 3951 1638 3986 ex
1658 3945 1746 3987 mente
1761 3934 1806 3988 dd,
1818 3937 1883 3988 tsles

1063 4013 1131 4080 leges
1149 4013 1272 4066 subditus
1290 4017 1319 4066 iu
1338 4013 1497 4069 consulensis
1517 4033 1568 4069 uun
1585 4018 1711 4085 obligent.
1725 4019 1836 4071 Mullus.
1856 4022 1881 4072 d.

1061 4095 1078 4147 l.
1096 4084 1164 4167 disp·
1183 4097 1245 4174 331,
1264 4117 1292 4150 n.
1313 4100 1339 4150 d·
1355 4101 1462 4152 Justnm
1481 4101 1569 4168 itsqne
1588 4102 1700 4169 pretium
1715 4102 1881 4170 magistretns
1899 4091 1935 4143 ⁹⁸

1062 4181 1176 4248 quilibet
1194 4175 1248 4252 tuin
1267 4198 1299 4234 ex
1317 4199 1348 4234 eo
1365 4183 1495 4252 quomodo
1508 4188 1687 4236 rcmtnnottea
1705 4185 1782 4237 senili
1802 4186 1882 4248 solet,

1063 4274 1175 4317 stetuere
1192 4257 1304 4335 pdterit,
1324 4276 1395 4331 tntu,
1414 4267 1437 4318 si
1457 4283 1532 4318 nsum
1551 4267 1685 4319 attendere
1711 4268 1798 4329 nolit,
1823 4268 1881 4337 ipse

1064 4365 1111 4418 pro
1129 4350 1251 4412 arbitrio,
1268 4347 1300 4400 ad
1318 4351 1530 4404 circstrustsntiss
1543 4361 1628 4404 temen
1641 4361 1724 4404 certes
1737 4367 1883 4404 recommo-

1062 4432 1137 4497 dsto,
1156 4432 1354 4486 determinsbit.
1373 4434 1540 4488 Enumeravit
1560 4435 1606 4488 bas
1623 4437 1834 4488 circumstantius
1850 4455 1879 4488 o·
1899 4430 1934 4482 1111

1065 4517 1165 4568 sunium
1184 4519 1285 4585 optime
1303 4519 1489 4572 serenissimus
1507 4518 1604 4570 elector
1619 4518 1681 4571 luce
1699 4521 1879 4584 supremae.

1062 4616 1135 4670 seqq.
1154 4602 1293 4669 descripto,
1312 4602 1356 4653 ubi
1377 4619 1428 4655 nou
1448 4611 1546 4654 tantum
1566 4601 1597 4654 ad
1611 4603 1762 4655 sarietstem
1777 4621 1884 4658 mensu·

1066 4701 1149 4736 esrom
1167 4685 1270 4737 cordum
1291 4694 1442 4737 consertere
1458 4684 1540 4752 jubet,
1558 4683 1602 4739 sed
1616 4695 1641 4736 et
1655 4683 1685 4737 sd
1705 4686 1839 4753 impensas
1851 4685 1881 4736 iu

1064 4769 1242 4822 adsertionem
1262 4783 1294 4818 ex
1312 4769 1421 4819 remotis
1439 4767 1504 4819 locis
1521 4765 1617 4830 isctss3
1631 4781 1717 4835 ‘porro
1733 4765 1765 4816 ad
1784 4765 1883 4818 fertili·
1901 4755 1954 4806 1⁰⁰

202 4859 257 4909 tise
274 4852 421 4908 decidimus
440 4853 572 4923 perdicis
592 4870 619 4904 ss.
637 4853 683 4903 81.
700 4869 771 4922 seqq.
785 4867 839 4906 tum
863 4855 897 4906 sle
913 4855 1017 4922 obiecto
1066 4862 1144 4904 tatem
1165 4852 1232 4913 loci,
1251 4851 1431 4919 frumentique
1447 4849 1656 4911 abunduntiam,
1675 4851 1738 4902 item
1758 4849 1789 4900 ad
1810 4866 1884 4918 prae·

203 4938 335 5012 personsii
365 4956 404 4990 urs
421 4937 502 5012 ptium
516 4931 768 5004 eceterissrumente
780 4937 809 4990 in
822 4937 958 4991 territorio
968 4955 1017 4990 ne·

202 5037 262 5077 stro
277 5022 453 5078 vendentibus
461 5021 578 5091 pretium
591 5019 690 5072 dicturi
697 5018 796 5087 poesie?
808 5019 859 5074 Ubi
876 5021 1017 5089 distingui·

1066 4933 1183 4986 stantium
1203 4934 1319 5001 ejusdem
1339 4933 1392 5001 (sic
1404 4934 1523 4986 triticum
1533 4932 1636 4986 norico
1646 4932 1884 5004 regulsriterprae·

1065 5017 1194 5088 stantius)
1212 5035 1241 5067 ae
1261 5017 1396 5070 bnultstero
1415 5016 1497 5082 (inde
1515 5018 1629 5085 pessime
1645 5029 1725 5084 agnus
1743 5018 1882 5084 magistra-
1980 5035 1982 5038 ·

206 5125 266 5158 mus
283 5109 353 5158 iuter
370 5121 521 5174 supremum
542 5104 693 5170 principem
712 5114 737 5161 et
763 5105 932 5174 magistratus
950 5105 1017 5160 inie-
1068 5115 1117 5164 tns,
1135 5103 1178 5172 qui
1199 5103 1273 5172 culps
1292 5119 1336 5156 sna
1353 5112 1505 5170 corruptum
1524 5100 1682 5156 frumentum
1708 5102 1822 5156 subditis
1846 5105 1881 5160 ad

203 5194 297 5244 riores.
317 5190 365 5241 llle
383 5203 485 5258 semper
510 5187 577 5240 itanc
593 5197 744 5256 poieststem
763 5204 886 5243 exercere
903 5192 1015 5260 poteris,

205 5273 261 5329 uid.
279 5293 306 5328 n.
325 5277 368 5326 71.
386 5291 455 5342 sepp-
474 5274 510 5324 ita
530 5284 633 5334 tarueu,
658 5280 688 5324 ul
705 5272 919 5342 circumspiciat,
937 5293 970 5327 au
989 5277 1016 5330 id

205 5378 238 5428 ex
258 5378 288 5412 re
306 5359 465 5427 reipublicse
483 5358 519 5410 sit
536 5354 670 5420 iuturuusc
688 5357 717 5408 hi
736 5373 797 5410 seru
813 5355 902 5411 eadem
921 5363 1019 5428 regula.

206 5451 274 5502 riter
290 5445 397 5516 quidem
415 5445 441 5498 si
460 5460 595 5496 concessae
612 5441 1018 5512 jurisdictionispolieresideu-

1065 5187 1092 5239 id
1112 5187 1254 5256 compulsis
1271 5187 1360 5241 eudem
1385 5185 1473 5254 pretio
1498 5185 1615 5238 rendunt
1636 5202 1713 5253 quam
1745 5185 1882 5252 integrum.

1068 5272 1155 5324 Peren.
1171 5269 1210 5324 ed
1225 5269 1264 5322 tit.
1282 5271 1343 5322 eod.
1359 5269 1393 5321 de
1410 5269 1489 5321 eund.
1501 5267 1531 5320 iu
1543 5269 1616 5332 pubi.
1629 5269 1703 5322 lsorr.
1718 5286 1743 5322 n.
1758 5270 1783 5320 ⁵1.
1798 5271 1883 5322 Bruu-

1067 5369 1136 5404 neru.
1155 5353 1193 5406 nd
1209 5353 1227 5406 l.
1246 5354 1271 5403 1.
1289 5351 1375 5418 ejusd.
1392 5349 1432 5404 tit.
1450 5369 1479 5404 n.
1496 5352 1545 5420 11.)
1562 5369 1638 5420 qnstn
1657 5363 1682 5402 et
1694 5349 1838 5420 aliquando
1849 5367 1883 5403 ex

1067 5448 1157 5490 ustura
1175 5437 1224 5488 loei
1244 5435 1313 5488 nucis
1334 5433 1505 5505 Geiegendet't
1523 5433 1571 5488 der
1588 5434 1748 5500 lond-Art,
1765 5437 1885 5504 occipere

207 5543 267 5594 tur,
286 5528 331 5583 sed
351 5531 379 5582 iu
398 5545 456 5580 essu
476 5537 562 5580 temen
581 5528 718 5595 irruentis,
731 5529 888 5582 annonsriae
903 5529 1019 5584 caritatis
1067 5521 1142 5572 11111·
1161 5520 1269 5572 1111111
1288 5519 1422 5578 1111111111
1442 5516 1573 5570 1111111111
1592 5515 1714 5570 11101111·
1739 5517 1772 5570 110
1794 5536 1885 5572 aeret·
1902 5505 1957 5557 ¹⁰¹

205 5616 277 5669 ttttn
291 5631 343 5666 nou
357 5609 516 5677 usurpabunt
527 5609 563 5662 ob
574 5611 687 5664 rationes
700 5629 728 5664 n.
741 5612 785 5664 13.
796 5629 868 5682 seqq.

1066 5604 1155 5657 1112.
1175 5623 1198 5657 e.
1218 5609 1242 5656 1.
1260 5620 1287 5655 rr.
1304 5605 1348 5654 13.
1367 5602 1411 5656 il.
1430 5601 1536 5662 docent,
1556 5600 1607 5653 dno
1632 5602 1716 5654 milli'a
1741 5618 1882 5670 manorum

149 5697 188 5748 90
242 5699 283 5751 De
302 5695 378 5750 morlo
398 5693 538 5748 tonationis
555 5694 695 5748 dicendum
716 5706 813 5762 mm,
837 5696 910 5752 cies,
934 5699 1017 5770 papa.
1039 5691 1045 5790 Ι
1068 5688 1149 5745 icisse
1167 5697 1299 5743 numerata
1318 5705 1351 5740 ex
1372 5706 1421 5740 una
1438 5688 1534 5753 erista,
1554 5685 1599 5738 ubi
1616 5688 1691 5757 plura
1703 5687 1736 5741 tle
1747 5685 1885 5740 fertilitate
