<?xml version="1.0" encoding="UTF-8"?>
<!DOCTYPE html PUBLIC "-//W3C//DTD XHTML 1.0 Transitional//EN"
    "http://www.w3.org/TR/xhtml1/DTD/xhtml1-transitional.dtd">
<html xmlns="http://www.w3.org/1999/xhtml" xml:lang="en" lang="en">
 <head>
  <title>
</title>
<meta http-equiv="Content-Type" content="text/html;charset=utf-8" />
  <meta name='ocr-system' content='tesseract 3.04.00' />
  <meta name='ocr-capabilities' content='ocr_page ocr_carea ocr_par ocr_line ocrx_word'/>
</head>
<body>
  <div class='ocr_page' id='page_1' title='image "./samuelisstrykii05schogoog/samuelisstrykii05schogoog_0414.png"; bbox 0 0 4440 6166; ppageno 0'>
   <div class='ocr_carea' id='block_1_1' title="bbox 366 241 1944 312">
    <p class='ocr_par' dir='ltr' id='par_1_1' title="bbox 366 241 1944 312">
     <span class='ocr_line' id='line_1_1' title="bbox 366 241 1944 312; baseline -0.006 -8"><span class='ocrx_word' id='word_1_1' title='bbox 366 261 384 312; x_wconf 84' lang='lat'><strong>7</strong></span> <span class='ocrx_word' id='word_1_2' title='bbox 959 244 1149 300; x_wconf 71' lang='lat' dir='ltr'>ntsrttrtr.</span> <span class='ocrx_word' id='word_1_3' title='bbox 1171 245 1193 298; x_wconf 88' lang='lat'>1.</span> <span class='ocrx_word' id='word_1_4' title='bbox 1211 243 1327 302; x_wconf 78' lang='lat' dir='ltr'><strong>CAPUT</strong></span> <span class='ocrx_word' id='word_1_5' title='bbox 1345 247 1366 299; x_wconf 91' lang='lat'>1.</span> <span class='ocrx_word' id='word_1_6' title='bbox 1925 241 1944 294; x_wconf 91' lang='grc'><strong>8</strong></span> 
     </span>
    </p>
   </div>
   <div class='ocr_carea' id='block_1_2' title="bbox 311 340 1134 1163">
    <p class='ocr_par' dir='ltr' id='par_1_2' title="bbox 313 340 1131 506">
     <span class='ocr_line' id='line_1_2' title="bbox 313 340 1131 430; baseline -0.022 -20"><span class='ocrx_word' id='word_1_7' title='bbox 313 352 435 410; x_wconf 80' lang='lat' dir='ltr'>Caesarie</span> <span class='ocrx_word' id='word_1_8' title='bbox 446 361 472 406; x_wconf 89' lang='lat' dir='ltr'>et</span> <span class='ocrx_word' id='word_1_9' title='bbox 486 347 603 418; x_wconf 72' lang='lat' dir='ltr'>Arrgnrti</span> <span class='ocrx_word' id='word_1_10' title='bbox 616 344 751 400; x_wconf 80' lang='lat' dir='ltr'>distinctio</span> <span class='ocrx_word' id='word_1_11' title='bbox 765 361 802 399; x_wconf 80' lang='lat' dir='ltr'>ea</span> <span class='ocrx_word' id='word_1_12' title='bbox 813 340 984 430; x_wconf 78' lang='lat' dir='ltr'>inspectione</span> <span class='ocrx_word' id='word_1_13' title='bbox 1006 351 1131 396; x_wconf 66' lang='lat' dir='ltr'>tumus·</span> 
     </span>
     <span class='ocr_line' id='line_1_3' title="bbox 343 431 708 506; baseline -0.022 -17"><span class='ocrx_word' id='word_1_14' title='bbox 343 437 466 505; x_wconf 72' lang='lat' dir='ltr'>plurium</span> <span class='ocrx_word' id='word_1_15' title='bbox 480 443 605 506; x_wconf 77' lang='lat' dir='ltr'>apparet.</span> <span class='ocrx_word' id='word_1_16' title='bbox 621 438 643 494; x_wconf 76' lang='grc' dir='ltr'>ς.</span> <span class='ocrx_word' id='word_1_17' title='bbox 664 431 708 482; x_wconf 83' lang='grc'>85.</span> 
     </span>
    </p>

    <p class='ocr_par' dir='ltr' id='par_1_3' title="bbox 311 505 1132 664">
     <span class='ocr_line' id='line_1_4' title="bbox 311 505 1132 584; baseline -0.017 -10"><span class='ocrx_word' id='word_1_18' title='bbox 311 523 374 574; x_wconf 86' lang='grc' dir='ltr'>Νοο</span> <span class='ocrx_word' id='word_1_19' title='bbox 384 536 478 572; x_wconf 86' lang='lat' dir='ltr'>omues</span> <span class='ocrx_word' id='word_1_20' title='bbox 491 511 803 584; x_wconf 79' lang='lat' dir='ltr'>r&#39;urperutoressuernnt,</span> <span class='ocrx_word' id='word_1_21' title='bbox 816 512 865 584; x_wconf 83' lang='lat' dir='ltr'>qni</span> <span class='ocrx_word' id='word_1_22' title='bbox 875 508 904 562; x_wconf 87' lang='lat' dir='ltr'>in</span> <span class='ocrx_word' id='word_1_23' title='bbox 923 505 1025 578; x_wconf 75' lang='lat' dir='ltr'>legibus</span> <span class='ocrx_word' id='word_1_24' title='bbox 1037 507 1132 578; x_wconf 77' lang='lat' dir='ltr'>Angu-</span> 
     </span>
     <span class='ocr_line' id='line_1_5' title="bbox 348 601 636 664; baseline -0.014 -8"><span class='ocrx_word' id='word_1_25' title='bbox 348 604 384 656; x_wconf 80' lang='lat' dir='ltr'>sti</span> <span class='ocrx_word' id='word_1_26' title='bbox 394 613 540 657; x_wconf 84' lang='lat' dir='ltr'>vocaretur·</span> <span class='ocrx_word' id='word_1_27' title='bbox 553 601 577 664; x_wconf 80' lang='grc'>5.</span> <span class='ocrx_word' id='word_1_28' title='bbox 592 601 636 652; x_wconf 84' lang='grc'>88.</span> 
     </span>
    </p>

    <p class='ocr_par' dir='ltr' id='par_1_4' title="bbox 312 671 1130 822">
     <span class='ocr_line' id='line_1_6' title="bbox 312 671 1130 754; baseline -0.022 -13"><span class='ocrx_word' id='word_1_29' title='bbox 312 685 450 742; x_wconf 79' lang='lat' dir='ltr'>Hodierni</span> <span class='ocrx_word' id='word_1_30' title='bbox 467 699 543 754; x_wconf 70' lang='lat' dir='ltr'>reges</span> <span class='ocrx_word' id='word_1_31' title='bbox 554 686 745 736; x_wconf 83' lang='lat' dir='ltr'>Romanorum</span> <span class='ocrx_word' id='word_1_32' title='bbox 763 675 847 731; x_wconf 81' lang='lat' dir='ltr'>ericus</span> <span class='ocrx_word' id='word_1_33' title='bbox 865 675 991 727; x_wconf 75' lang='lat' dir='ltr'>dabuntur</span> <span class='ocrx_word' id='word_1_34' title='bbox 1005 671 1130 742; x_wconf 70' lang='lat' dir='ltr'>Augresti.</span> 
     </span>
     <span class='ocr_line' id='line_1_7' title="bbox 364 771 437 822; baseline -0.041 -2"><span class='ocrx_word' id='word_1_35' title='bbox 364 808 370 820; x_wconf 92' lang='lat'><strong>.</strong></span> <span class='ocrx_word' id='word_1_36' title='bbox 393 771 408 818; x_wconf 77' lang='lat' dir='ltr'>u</span> <span class='ocrx_word' id='word_1_37' title='bbox 431 807 437 822; x_wconf 90' lang='lat'><strong>.</strong></span> 
     </span>
    </p>

    <p class='ocr_par' dir='ltr' id='par_1_5' title="bbox 315 771 1131 922">
     <span class='ocr_line' id='line_1_8' title="bbox 315 771 1131 922; baseline -0.026 -15"><span class='ocrx_word' id='word_1_38' title='bbox 315 778 388 922; x_wconf 65' lang='lat' dir='ltr'>Qriid</span> <span class='ocrx_word' id='word_1_39' title='bbox 404 771 533 905; x_wconf 48' lang='lat' dir='ltr'>(denotent</span> <span class='ocrx_word' id='word_1_40' title='bbox 547 848 661 906; x_wconf 81' lang='lat' dir='ltr'>ultimae</span> <span class='ocrx_word' id='word_1_41' title='bbox 674 841 860 915; x_wconf 79' lang='lat' dir='ltr'>inscriptionis</span> <span class='ocrx_word' id='word_1_42' title='bbox 867 837 972 891; x_wconf 69' lang='lat' dir='ltr'>denset</span> <span class='ocrx_word' id='word_1_43' title='bbox 984 835 1094 890; x_wconf 81' lang='lat' dir='ltr'>Jceuut</span> <span class='ocrx_word' id='word_1_44' title='bbox 1102 851 1131 905; x_wconf 72' lang='lat' dir='ltr'>p.</span> 
     </span>
    </p>

    <p class='ocr_par' dir='ltr' id='par_1_6' title="bbox 313 937 1134 1163">
     <span class='ocr_line' id='line_1_9' title="bbox 313 937 1134 1084; baseline -0.022 -12"><span class='ocrx_word' id='word_1_45' title='bbox 313 937 569 1084; x_wconf 39' lang='lat' dir='ltr'>Cniiripib&#39;uiucine</span> <span class='ocrx_word' id='word_1_46' title='bbox 579 1009 736 1084; x_wconf 79' lang='lat' dir='ltr'>prneflrctur</span> <span class='ocrx_word' id='word_1_47' title='bbox 744 1009 884 1082; x_wconf 81' lang='lat' dir='ltr'>praeturio</span> <span class='ocrx_word' id='word_1_48' title='bbox 890 1005 983 1077; x_wconf 84' lang='lat' dir='ltr'>suerit</span> <span class='ocrx_word' id='word_1_49' title='bbox 991 1003 1134 1060; x_wconf 77' lang='lat' dir='ltr'>Jonaaes?</span> 
     </span>
     <span class='ocr_line' id='line_1_10' title="bbox 349 1103 435 1163; baseline -0.047 -9"><span class='ocrx_word' id='word_1_50' title='bbox 349 1107 371 1163; x_wconf 76' lang='lat' dir='ltr'>e.</span> <span class='ocrx_word' id='word_1_51' title='bbox 391 1103 435 1152; x_wconf 85' lang='lat' dir='ltr'>nn.</span> 
     </span>
    </p>
   </div>
   <div class='ocr_carea' id='block_1_3' title="bbox 308 1257 1134 3748">
    <p class='ocr_par' dir='ltr' id='par_1_7' title="bbox 312 1257 1134 2080">
     <span class='ocr_line' id='line_1_11' title="bbox 313 1257 1132 1336; baseline -0.012 -18"><span class='ocrx_word' id='word_1_52' title='bbox 313 1267 338 1336; x_wconf 77' lang='lat'>§.</span> <span class='ocrx_word' id='word_1_53' title='bbox 358 1267 381 1317; x_wconf 90' lang='lat'>1.</span> <span class='ocrx_word' id='word_1_54' title='bbox 436 1265 563 1319; x_wconf 88' lang='lat' dir='ltr'>oilicitam</span> <span class='ocrx_word' id='word_1_55' title='bbox 582 1261 728 1318; x_wconf 78' lang='lat' dir='ltr'>iustiniani</span> <span class='ocrx_word' id='word_1_56' title='bbox 744 1260 941 1326; x_wconf 86' lang='lat' dir='ltr'>luissecoram,</span> <span class='ocrx_word' id='word_1_57' title='bbox 955 1276 1003 1323; x_wconf 89' lang='lat' dir='ltr'>ne,</span> <span class='ocrx_word' id='word_1_58' title='bbox 1019 1257 1047 1312; x_wconf 86' lang='lat' dir='ltr'>in</span> <span class='ocrx_word' id='word_1_59' title='bbox 1061 1274 1132 1310; x_wconf 91' lang='lat' dir='ltr'>com-</span> 
     </span>
     <span class='ocr_line' id='line_1_12' title="bbox 312 1343 1131 1420; baseline -0.012 -19"><span class='ocrx_word' id='word_1_60' title='bbox 312 1349 423 1420; x_wconf 86' lang='lat' dir='ltr'>pilando</span> <span class='ocrx_word' id='word_1_61' title='bbox 442 1349 507 1419; x_wconf 82' lang='lat' dir='ltr'>jsreis</span> <span class='ocrx_word' id='word_1_62' title='bbox 525 1364 645 1416; x_wconf 88' lang='lat' dir='ltr'>corpore,</span> <span class='ocrx_word' id='word_1_63' title='bbox 666 1345 770 1399; x_wconf 89' lang='lat' dir='ltr'>illorum</span> <span class='ocrx_word' id='word_1_64' title='bbox 791 1345 893 1414; x_wconf 89' lang='lat' dir='ltr'>periret</span> <span class='ocrx_word' id='word_1_65' title='bbox 913 1345 1056 1407; x_wconf 89' lang='lat' dir='ltr'>memoria,</span> <span class='ocrx_word' id='word_1_66' title='bbox 1075 1343 1131 1413; x_wconf 88' lang='lat' dir='ltr'>qui-</span> 
     </span>
     <span class='ocr_line' id='line_1_13' title="bbox 313 1425 1133 1498; baseline -0.005 -18"><span class='ocrx_word' id='word_1_67' title='bbox 313 1429 363 1482; x_wconf 90' lang='lat' dir='ltr'>bus</span> <span class='ocrx_word' id='word_1_68' title='bbox 382 1433 480 1483; x_wconf 79' lang='lat' dir='ltr'>natales</span> <span class='ocrx_word' id='word_1_69' title='bbox 499 1447 557 1484; x_wconf 86' lang='lat' dir='ltr'>euos</span> <span class='ocrx_word' id='word_1_70' title='bbox 576 1429 634 1498; x_wconf 90' lang='lat' dir='ltr'>ipsa</span> <span class='ocrx_word' id='word_1_71' title='bbox 653 1429 695 1480; x_wconf 82' lang='lat' dir='ltr'>ias</span> <span class='ocrx_word' id='word_1_72' title='bbox 727 1426 826 1489; x_wconf 84' lang='lat' dir='ltr'>debet,</span> <span class='ocrx_word' id='word_1_73' title='bbox 855 1427 1000 1495; x_wconf 84' lang='lat' dir='ltr'>pandectae</span> <span class='ocrx_word' id='word_1_74' title='bbox 1030 1425 1133 1496; x_wconf 85' lang='lat' dir='ltr'>pariter</span> 
     </span>
     <span class='ocr_line' id='line_1_14' title="bbox 314 1503 1132 1580; baseline -0.007 -16"><span class='ocrx_word' id='word_1_75' title='bbox 314 1528 371 1565; x_wconf 88' lang='lat' dir='ltr'>cum</span> <span class='ocrx_word' id='word_1_76' title='bbox 393 1513 484 1566; x_wconf 90' lang='lat' dir='ltr'>cndicc</span> <span class='ocrx_word' id='word_1_77' title='bbox 503 1521 639 1565; x_wconf 84' lang='lat' dir='ltr'>testantur.</span> <span class='ocrx_word' id='word_1_78' title='bbox 657 1510 696 1562; x_wconf 85' lang='lat' dir='ltr'>Ea</span> <span class='ocrx_word' id='word_1_79' title='bbox 716 1503 771 1580; x_wconf 86' lang='lat' dir='ltr'>ipra</span> <span class='ocrx_word' id='word_1_80' title='bbox 791 1511 951 1578; x_wconf 73' lang='lat' dir='ltr'>digestorum</span> <span class='ocrx_word' id='word_1_81' title='bbox 966 1509 1132 1576; x_wconf 67' lang='lat' dir='ltr'>inspectione</span> 
     </span>
     <span class='ocr_line' id='line_1_15' title="bbox 314 1590 1132 1664; baseline -0.007 -16"><span class='ocrx_word' id='word_1_82' title='bbox 314 1595 418 1648; x_wconf 77' lang='lat' dir='ltr'>abunde</span> <span class='ocrx_word' id='word_1_83' title='bbox 438 1605 560 1661; x_wconf 88' lang='lat' dir='ltr'>constat,</span> <span class='ocrx_word' id='word_1_84' title='bbox 577 1604 673 1664; x_wconf 88' lang='lat' dir='ltr'>quanta</span> <span class='ocrx_word' id='word_1_85' title='bbox 692 1613 705 1645; x_wconf 93' lang='lat' dir='ltr'>a</span> <span class='ocrx_word' id='word_1_86' title='bbox 723 1593 877 1647; x_wconf 71' lang='lat' dir='ltr'>iustiniano</span> <span class='ocrx_word' id='word_1_87' title='bbox 907 1590 1061 1660; x_wconf 67' lang='lat' dir='ltr'>antiquitati</span> <span class='ocrx_word' id='word_1_88' title='bbox 1088 1591 1132 1642; x_wconf 64' lang='lat' dir='ltr'>ha»-</span> 
     </span>
     <span class='ocr_line' id='line_1_16' title="bbox 317 1676 1130 1747; baseline -0.004 -17"><span class='ocrx_word' id='word_1_89' title='bbox 317 1676 374 1730; x_wconf 85' lang='lat' dir='ltr'>bita</span> <span class='ocrx_word' id='word_1_90' title='bbox 395 1679 429 1730; x_wconf 89' lang='lat' dir='ltr'>sit</span> <span class='ocrx_word' id='word_1_91' title='bbox 450 1680 612 1742; x_wconf 79' lang='lat' dir='ltr'>reuerentia,</span> <span class='ocrx_word' id='word_1_92' title='bbox 631 1678 692 1730; x_wconf 82' lang='lat' dir='ltr'>duan</span> <span class='ocrx_word' id='word_1_93' title='bbox 712 1679 821 1734; x_wconf 84' lang='lat' dir='ltr'>numina</span> <span class='ocrx_word' id='word_1_94' title='bbox 841 1677 1000 1747; x_wconf 85' lang='lat' dir='ltr'>prudentum</span> <span class='ocrx_word' id='word_1_95' title='bbox 1021 1676 1130 1727; x_wconf 87' lang='lat' dir='ltr'>tacitur-</span> 
     </span>
     <span class='ocr_line' id='line_1_17' title="bbox 315 1760 1134 1832; baseline -0.004 -16"><span class='ocrx_word' id='word_1_96' title='bbox 315 1761 394 1816; x_wconf 84' lang='lat' dir='ltr'>nitati</span> <span class='ocrx_word' id='word_1_97' title='bbox 414 1763 514 1819; x_wconf 88' lang='lat' dir='ltr'>tradere</span> <span class='ocrx_word' id='word_1_98' title='bbox 532 1765 604 1816; x_wconf 88' lang='lat' dir='ltr'>nullo</span> <span class='ocrx_word' id='word_1_99' title='bbox 620 1763 696 1818; x_wconf 92' lang='lat' dir='ltr'>mudo</span> <span class='ocrx_word' id='word_1_100' title='bbox 714 1780 806 1832; x_wconf 86' lang='lat' dir='ltr'>pessus</span> <span class='ocrx_word' id='word_1_101' title='bbox 823 1775 878 1830; x_wconf 85' lang='lat' dir='ltr'>cat,</span> <span class='ocrx_word' id='word_1_102' title='bbox 896 1763 942 1818; x_wconf 89' lang='lat' dir='ltr'>scd</span> <span class='ocrx_word' id='word_1_103' title='bbox 956 1760 1134 1831; x_wconf 89' lang='lat' dir='ltr'>unnsquisque</span> 
     </span>
     <span class='ocr_line' id='line_1_18' title="bbox 321 1841 1118 1914; baseline 0 -20"><span class='ocrx_word' id='word_1_104' title='bbox 321 1858 426 1910; x_wconf 86' lang='lat' dir='ltr'>eornm,</span> <span class='ocrx_word' id='word_1_105' title='bbox 445 1845 490 1913; x_wconf 90' lang='lat' dir='ltr'>qui</span> <span class='ocrx_word' id='word_1_106' title='bbox 509 1841 599 1896; x_wconf 83' lang='lat' dir='ltr'>auctor</span> <span class='ocrx_word' id='word_1_107' title='bbox 617 1845 682 1914; x_wconf 76' lang='lat' dir='ltr'>legis</span> <span class='ocrx_word' id='word_1_108' title='bbox 701 1843 768 1910; x_wconf 83' lang='lat' dir='ltr'>luit,</span> <span class='ocrx_word' id='word_1_109' title='bbox 792 1845 877 1914; x_wconf 78' lang='lat' dir='ltr'>ipsine</span> <span class='ocrx_word' id='word_1_110' title='bbox 901 1843 1003 1911; x_wconf 76' lang='lat' dir='ltr'>legibus</span> <span class='ocrx_word' id='word_1_111' title='bbox 1035 1842 1118 1894; x_wconf 85' lang='lat' dir='ltr'>inseri</span> 
     </span>
     <span class='ocr_line' id='line_1_19' title="bbox 316 1922 1132 1998; baseline -0.004 -19"><span class='ocrx_word' id='word_1_112' title='bbox 316 1937 376 1996; x_wconf 85' lang='lat' dir='ltr'>ptus</span> <span class='ocrx_word' id='word_1_113' title='bbox 395 1928 537 1982; x_wconf 78' lang='lat' dir='ltr'>invenitor.</span> <span class='ocrx_word' id='word_1_114' title='bbox 554 1928 617 1984; x_wconf 83' lang='lat' dir='ltr'>Vid.</span> <span class='ocrx_word' id='word_1_115' title='bbox 635 1922 1069 1998; x_wconf 75' lang='lat' dir='ltr'>coustitut.deecnfirmct.ff.§.</span> <span class='ocrx_word' id='word_1_116' title='bbox 1089 1925 1132 1977; x_wconf 86' lang='grc'>10.</span> 
     </span>
     <span class='ocr_line' id='line_1_20' title="bbox 314 2009 872 2080; baseline -0.002 -16"><span class='ocrx_word' id='word_1_117' title='bbox 314 2009 402 2080; x_wconf 71' lang='lat' dir='ltr'>iunci.</span> <span class='ocrx_word' id='word_1_118' title='bbox 415 2010 433 2063; x_wconf 93' lang='lat' dir='ltr'>l.</span> <span class='ocrx_word' id='word_1_119' title='bbox 448 2012 473 2061; x_wconf 84' lang='grc'>3.</span> <span class='ocrx_word' id='word_1_120' title='bbox 487 2019 508 2074; x_wconf 88' lang='lat'>§.</span> <span class='ocrx_word' id='word_1_121' title='bbox 523 2013 565 2064; x_wconf 88' lang='lat' dir='ltr'>to.</span> <span class='ocrx_word' id='word_1_122' title='bbox 577 2029 599 2064; x_wconf 90' lang='lat' dir='ltr'>c.</span> <span class='ocrx_word' id='word_1_123' title='bbox 612 2012 703 2065; x_wconf 82' lang='lat' dir='ltr'>decer.</span> <span class='ocrx_word' id='word_1_124' title='bbox 714 2012 770 2080; x_wconf 70' lang='lat' dir='ltr'>pur.</span> <span class='ocrx_word' id='word_1_125' title='bbox 785 2012 872 2065; x_wconf 86' lang='lat' dir='ltr'>cunei.</span> 
     </span>
    </p>

    <p class='ocr_par' dir='ltr' id='par_1_8' title="bbox 308 2091 1134 3420">
     <span class='ocr_line' id='line_1_21' title="bbox 356 2091 1122 2159; baseline -0.003 -15"><span class='ocrx_word' id='word_1_126' title='bbox 356 2099 377 2157; x_wconf 79' lang='grc' dir='ltr'>ς.</span> <span class='ocrx_word' id='word_1_127' title='bbox 395 2095 423 2148; x_wconf 79' lang='lat'>2.</span> <span class='ocrx_word' id='word_1_128' title='bbox 440 2094 496 2148; x_wconf 82' lang='lat' dir='ltr'>Nec</span> <span class='ocrx_word' id='word_1_129' title='bbox 515 2107 601 2150; x_wconf 89' lang='lat' dir='ltr'>tamen</span> <span class='ocrx_word' id='word_1_130' title='bbox 620 2095 777 2149; x_wconf 87' lang='lat' dir='ltr'>credendum</span> <span class='ocrx_word' id='word_1_131' title='bbox 797 2107 855 2159; x_wconf 89' lang='lat' dir='ltr'>est,</span> <span class='ocrx_word' id='word_1_132' title='bbox 871 2093 957 2149; x_wconf 85' lang='lat' dir='ltr'>uticae</span> <span class='ocrx_word' id='word_1_133' title='bbox 976 2091 1057 2148; x_wconf 81' lang='lat' dir='ltr'>hodie</span> <span class='ocrx_word' id='word_1_134' title='bbox 1074 2091 1122 2143; x_wconf 87' lang='lat' dir='ltr'>iilo</span> 
     </span>
     <span class='ocr_line' id='line_1_22' title="bbox 317 2179 1133 2249; baseline -0.001 -20"><span class='ocrx_word' id='word_1_135' title='bbox 317 2193 377 2229; x_wconf 88' lang='lat' dir='ltr'>rnna</span> <span class='ocrx_word' id='word_1_136' title='bbox 396 2179 513 2233; x_wconf 88' lang='lat' dir='ltr'>Jctcrum</span> <span class='ocrx_word' id='word_1_137' title='bbox 533 2197 589 2234; x_wconf 88' lang='lat' dir='ltr'>esse</span> <span class='ocrx_word' id='word_1_138' title='bbox 610 2181 732 2241; x_wconf 91' lang='lat' dir='ltr'>nomina,</span> <span class='ocrx_word' id='word_1_139' title='bbox 764 2189 902 2249; x_wconf 85' lang='lat' dir='ltr'>postquam</span> <span class='ocrx_word' id='word_1_140' title='bbox 933 2179 1076 2247; x_wconf 88' lang='lat' dir='ltr'>imperator</span> <span class='ocrx_word' id='word_1_141' title='bbox 1104 2195 1133 2228; x_wconf 92' lang='lat' dir='ltr'>u·</span> 
     </span>
     <span class='ocr_line' id='line_1_23' title="bbox 317 2259 1130 2335; baseline 0 -23"><span class='ocrx_word' id='word_1_142' title='bbox 317 2259 390 2313; x_wconf 84' lang='lat' dir='ltr'>antris</span> <span class='ocrx_word' id='word_1_143' title='bbox 408 2261 456 2316; x_wconf 92' lang='lat' dir='ltr'>ista</span> <span class='ocrx_word' id='word_1_144' title='bbox 474 2281 520 2316; x_wconf 92' lang='lat' dir='ltr'>sna</span> <span class='ocrx_word' id='word_1_145' title='bbox 537 2261 618 2325; x_wconf 82' lang='lat' dir='ltr'>lenit,</span> <span class='ocrx_word' id='word_1_146' title='bbox 636 2279 683 2332; x_wconf 85' lang='lat' dir='ltr'>per</span> <span class='ocrx_word' id='word_1_147' title='bbox 701 2259 728 2314; x_wconf 86' lang='lat' dir='ltr'>d.</span> <span class='ocrx_word' id='word_1_148' title='bbox 750 2260 889 2316; x_wconf 72' lang='lat' dir='ltr'>cunstitui.</span> <span class='ocrx_word' id='word_1_149' title='bbox 914 2261 959 2335; x_wconf 80' lang='lat' dir='ltr'>eit.</span> <span class='ocrx_word' id='word_1_150' title='bbox 982 2260 1000 2314; x_wconf 88' lang='lat' dir='ltr'>l.</span> <span class='ocrx_word' id='word_1_151' title='bbox 1020 2259 1130 2316; x_wconf 85' lang='lat' dir='ltr'>muitum</span> 
     </span>
     <span class='ocr_line' id='line_1_24' title="bbox 317 2343 1133 2416; baseline -0.002 -20"><span class='ocrx_word' id='word_1_152' title='bbox 317 2344 389 2396; x_wconf 89' lang='lat' dir='ltr'>enim</span> <span class='ocrx_word' id='word_1_153' title='bbox 409 2343 475 2399; x_wconf 89' lang='lat' dir='ltr'>incia</span> <span class='ocrx_word' id='word_1_154' title='bbox 494 2344 708 2416; x_wconf 71' lang='lat' dir='ltr'>interpretationi</span> <span class='ocrx_word' id='word_1_155' title='bbox 730 2356 845 2398; x_wconf 81' lang='lat' dir='ltr'>textuum</span> <span class='ocrx_word' id='word_1_156' title='bbox 864 2343 991 2408; x_wconf 87' lang='lat' dir='ltr'>cunlert,</span> <span class='ocrx_word' id='word_1_157' title='bbox 1015 2343 1039 2394; x_wconf 91' lang='lat' dir='ltr'>si</span> <span class='ocrx_word' id='word_1_158' title='bbox 1063 2345 1133 2408; x_wconf 78' lang='lat' dir='ltr'>ejus·</span> 
     </span>
     <span class='ocr_line' id='line_1_25' title="bbox 319 2425 1134 2504; baseline 0 -28"><span class='ocrx_word' id='word_1_159' title='bbox 319 2426 381 2478; x_wconf 87' lang='lat' dir='ltr'>dem</span> <span class='ocrx_word' id='word_1_160' title='bbox 400 2428 513 2480; x_wconf 91' lang='lat' dir='ltr'>auctoris</span> <span class='ocrx_word' id='word_1_161' title='bbox 532 2429 601 2497; x_wconf 76' lang='lat' dir='ltr'>leger</span> <span class='ocrx_word' id='word_1_162' title='bbox 619 2425 683 2478; x_wconf 88' lang='lat' dir='ltr'>hinc</span> <span class='ocrx_word' id='word_1_163' title='bbox 701 2425 765 2482; x_wconf 89' lang='lat' dir='ltr'>inde</span> <span class='ocrx_word' id='word_1_164' title='bbox 782 2425 920 2500; x_wconf 70' lang='lat' dir='ltr'>dispersae</span> <span class='ocrx_word' id='word_1_165' title='bbox 938 2425 1008 2477; x_wconf 90' lang='lat' dir='ltr'>inter</span> <span class='ocrx_word' id='word_1_166' title='bbox 1026 2440 1054 2476; x_wconf 93' lang='lat' dir='ltr'>se</span> <span class='ocrx_word' id='word_1_167' title='bbox 1071 2442 1134 2504; x_wconf 55' lang='lat' dir='ltr'>conj</span> 
     </span>
     <span class='ocr_line' id='line_1_26' title="bbox 315 2505 1133 2580; baseline 0 -21"><span class='ocrx_word' id='word_1_168' title='bbox 315 2505 440 2563; x_wconf 79' lang='lat' dir='ltr'>ferantur.</span> <span class='ocrx_word' id='word_1_169' title='bbox 458 2512 497 2565; x_wconf 85' lang='lat' dir='ltr'>ite</span> <span class='ocrx_word' id='word_1_170' title='bbox 517 2512 590 2566; x_wconf 85' lang='lat' dir='ltr'>cuim</span> <span class='ocrx_word' id='word_1_171' title='bbox 610 2508 784 2579; x_wconf 74' lang='lat' dir='ltr'>Papinianum</span> <span class='ocrx_word' id='word_1_172' title='bbox 797 2526 825 2561; x_wconf 86' lang='lat' dir='ltr'>se</span> <span class='ocrx_word' id='word_1_173' title='bbox 843 2509 931 2580; x_wconf 85' lang='lat' dir='ltr'>ipsum</span> <span class='ocrx_word' id='word_1_174' title='bbox 950 2507 1133 2578; x_wconf 86' lang='lat' dir='ltr'>explicantem,</span> 
     </span>
     <span class='ocr_line' id='line_1_27' title="bbox 315 2591 1132 2662; baseline -0.005 -16"><span class='ocrx_word' id='word_1_175' title='bbox 315 2592 461 2662; x_wconf 82' lang='lat' dir='ltr'>Ulpianum</span> <span class='ocrx_word' id='word_1_176' title='bbox 482 2610 511 2646; x_wconf 87' lang='lat' dir='ltr'>ae</span> <span class='ocrx_word' id='word_1_177' title='bbox 528 2591 723 2650; x_wconf 82' lang='lat' dir='ltr'>declarantem.</span> <span class='ocrx_word' id='word_1_178' title='bbox 748 2592 847 2646; x_wconf 84' lang='lat' dir='ltr'>aliosne</span> <span class='ocrx_word' id='word_1_179' title='bbox 876 2591 939 2644; x_wconf 91' lang='lat' dir='ltr'>aiibi</span> <span class='ocrx_word' id='word_1_180' title='bbox 968 2591 1132 2657; x_wconf 80' lang='lat' dir='ltr'>limitantur,</span> 
     </span>
     <span class='ocr_line' id='line_1_28' title="bbox 316 2671 1133 2745; baseline -0.009 -15"><span class='ocrx_word' id='word_1_181' title='bbox 316 2676 387 2744; x_wconf 81' lang='lat' dir='ltr'>quod</span> <span class='ocrx_word' id='word_1_182' title='bbox 406 2675 453 2727; x_wconf 91' lang='lat' dir='ltr'>aiii</span> <span class='ocrx_word' id='word_1_183' title='bbox 471 2675 619 2745; x_wconf 71' lang='lat' dir='ltr'>generalius</span> <span class='ocrx_word' id='word_1_184' title='bbox 639 2675 739 2727; x_wconf 84' lang='lat' dir='ltr'>dictum</span> <span class='ocrx_word' id='word_1_185' title='bbox 758 2683 829 2738; x_wconf 90' lang='lat' dir='ltr'>erat,</span> <span class='ocrx_word' id='word_1_186' title='bbox 851 2671 981 2726; x_wconf 74' lang='lat' dir='ltr'>inuenies.</span> <span class='ocrx_word' id='word_1_187' title='bbox 1000 2671 1086 2740; x_wconf 82' lang='lat' dir='ltr'>Quem</span> <span class='ocrx_word' id='word_1_188' title='bbox 1105 2671 1133 2723; x_wconf 92' lang='lat' dir='ltr'>in</span> 
     </span>
     <span class='ocr_line' id='line_1_29' title="bbox 317 2753 1131 2827; baseline -0.007 -17"><span class='ocrx_word' id='word_1_189' title='bbox 317 2755 399 2812; x_wconf 79' lang='lat' dir='ltr'>fiuent</span> <span class='ocrx_word' id='word_1_190' title='bbox 419 2759 589 2812; x_wconf 87' lang='lat' dir='ltr'>utilissimam</span> <span class='ocrx_word' id='word_1_191' title='bbox 606 2772 713 2827; x_wconf 81' lang='lat' dir='ltr'>operam</span> <span class='ocrx_word' id='word_1_192' title='bbox 734 2757 925 2827; x_wconf 82' lang='lat' dir='ltr'>praestiterunt</span> <span class='ocrx_word' id='word_1_193' title='bbox 950 2755 1064 2809; x_wconf 78' lang='lat' dir='ltr'>lacobus</span> <span class='ocrx_word' id='word_1_194' title='bbox 1083 2753 1131 2806; x_wconf 82' lang='lat' dir='ltr'>La-</span> 
     </span>
     <span class='ocr_line' id='line_1_30' title="bbox 315 2839 1134 2916; baseline -0.002 -22"><span class='ocrx_word' id='word_1_195' title='bbox 315 2839 400 2897; x_wconf 85' lang='lat' dir='ltr'>biltus</span> <span class='ocrx_word' id='word_1_196' title='bbox 418 2840 447 2894; x_wconf 89' lang='lat' dir='ltr'>in</span> <span class='ocrx_word' id='word_1_197' title='bbox 460 2841 592 2896; x_wconf 78' lang='lat' dir='ltr'>indicibus</span> <span class='ocrx_word' id='word_1_198' title='bbox 598 2841 689 2916; x_wconf 80' lang='lat' dir='ltr'>juris,</span> <span class='ocrx_word' id='word_1_199' title='bbox 706 2841 768 2895; x_wconf 78' lang='lat' dir='ltr'>ioh.</span> <span class='ocrx_word' id='word_1_200' title='bbox 787 2840 944 2909; x_wconf 70' lang='lat' dir='ltr'>Woiffgang</span> <span class='ocrx_word' id='word_1_201' title='bbox 961 2839 1134 2908; x_wconf 80' lang='lat' dir='ltr'>Freymcnius</span> 
     </span>
     <span class='ocr_line' id='line_1_31' title="bbox 315 2924 1133 3000; baseline 0.001 -23"><span class='ocrx_word' id='word_1_202' title='bbox 315 2924 345 2978; x_wconf 88' lang='lat' dir='ltr'>iu</span> <span class='ocrx_word' id='word_1_203' title='bbox 361 2925 521 2994; x_wconf 77' lang='lat' dir='ltr'>eymndcuic</span> <span class='ocrx_word' id='word_1_204' title='bbox 531 2925 607 3000; x_wconf 79' lang='lat' dir='ltr'>juria</span> <span class='ocrx_word' id='word_1_205' title='bbox 625 2925 762 2996; x_wconf 73' lang='lat' dir='ltr'>utriunque</span> <span class='ocrx_word' id='word_1_206' title='bbox 779 2926 985 3000; x_wconf 68' lang='lat' dir='ltr'>chronologica.</span> <span class='ocrx_word' id='word_1_207' title='bbox 997 2927 1081 2992; x_wconf 85' lang='lat' dir='ltr'>Quam</span> <span class='ocrx_word' id='word_1_208' title='bbox 1096 2935 1133 2978; x_wconf 90' lang='lat' dir='ltr'>ct·</span> 
     </span>
     <span class='ocr_line' id='line_1_32' title="bbox 314 3007 1131 3082; baseline 0.001 -19"><span class='ocrx_word' id='word_1_209' title='bbox 314 3009 369 3064; x_wconf 85' lang='lat' dir='ltr'>iam</span> <span class='ocrx_word' id='word_1_210' title='bbox 388 3011 527 3064; x_wconf 84' lang='lat' dir='ltr'>utilitatem</span> <span class='ocrx_word' id='word_1_211' title='bbox 543 3028 589 3064; x_wconf 90' lang='lat' dir='ltr'>suo</span> <span class='ocrx_word' id='word_1_212' title='bbox 608 3013 660 3079; x_wconf 85' lang='lat' dir='ltr'>jam</span> <span class='ocrx_word' id='word_1_213' title='bbox 680 3022 798 3082; x_wconf 86' lang='lat' dir='ltr'>ternpore</span> <span class='ocrx_word' id='word_1_214' title='bbox 817 3011 929 3064; x_wconf 77' lang='lat' dir='ltr'>advertit</span> <span class='ocrx_word' id='word_1_215' title='bbox 947 3011 1061 3064; x_wconf 88' lang='lat' dir='ltr'>Jacobus</span> <span class='ocrx_word' id='word_1_216' title='bbox 1081 3007 1131 3064; x_wconf 86' lang='lat' dir='ltr'>Cu·</span> 
     </span>
     <span class='ocr_line' id='line_1_33' title="bbox 315 3083 1132 3164; baseline 0.004 -19"><span class='ocrx_word' id='word_1_217' title='bbox 315 3093 414 3164; x_wconf 81' lang='lat' dir='ltr'>junius,</span> <span class='ocrx_word' id='word_1_218' title='bbox 432 3094 569 3164; x_wconf 82' lang='lat' dir='ltr'>speciatim</span> <span class='ocrx_word' id='word_1_219' title='bbox 588 3095 793 3149; x_wconf 87' lang='lat' dir='ltr'>commentando</span> <span class='ocrx_word' id='word_1_220' title='bbox 812 3083 1073 3161; x_wconf 64' lang='lat' dir='ltr'>ndPnniuicnnm,</span> <span class='ocrx_word' id='word_1_221' title='bbox 1091 3095 1132 3148; x_wconf 83' lang='lat' dir='ltr'>A·</span> 
     </span>
     <span class='ocr_line' id='line_1_34' title="bbox 308 3177 1132 3250; baseline -0.001 -20"><span class='ocrx_word' id='word_1_222' title='bbox 308 3177 472 3247; x_wconf 83' lang='lat' dir='ltr'>fricanum,</span> <span class='ocrx_word' id='word_1_223' title='bbox 498 3187 524 3232; x_wconf 80' lang='lat' dir='ltr'>ei</span> <span class='ocrx_word' id='word_1_224' title='bbox 536 3179 642 3234; x_wconf 70' lang='lat' dir='ltr'>dulium</span> <span class='ocrx_word' id='word_1_225' title='bbox 654 3179 789 3245; x_wconf 78' lang='lat' dir='ltr'>Paulum,</span> <span class='ocrx_word' id='word_1_226' title='bbox 812 3179 840 3232; x_wconf 87' lang='lat' dir='ltr'>iu</span> <span class='ocrx_word' id='word_1_227' title='bbox 859 3177 955 3248; x_wconf 89' lang='lat' dir='ltr'>quibus</span> <span class='ocrx_word' id='word_1_228' title='bbox 973 3185 1132 3250; x_wconf 77' lang='lat' dir='ltr'>commenta-</span> 
     </span>
     <span class='ocr_line' id='line_1_35' title="bbox 316 3261 1131 3334; baseline 0.002 -20"><span class='ocrx_word' id='word_1_229' title='bbox 316 3261 367 3314; x_wconf 89' lang='lat' dir='ltr'>riis</span> <span class='ocrx_word' id='word_1_230' title='bbox 385 3261 455 3314; x_wconf 91' lang='lat' dir='ltr'>nihil</span> <span class='ocrx_word' id='word_1_231' title='bbox 467 3263 522 3332; x_wconf 71' lang='lat' dir='ltr'>agit</span> <span class='ocrx_word' id='word_1_232' title='bbox 534 3261 621 3327; x_wconf 86' lang='lat' dir='ltr'>alind,</span> <span class='ocrx_word' id='word_1_233' title='bbox 635 3281 713 3334; x_wconf 91' lang='lat' dir='ltr'>quam</span> <span class='ocrx_word' id='word_1_234' title='bbox 728 3273 757 3316; x_wconf 83' lang='lat' dir='ltr'>nl</span> <span class='ocrx_word' id='word_1_235' title='bbox 769 3264 863 3319; x_wconf 86' lang='lat' dir='ltr'>hurum</span> <span class='ocrx_word' id='word_1_236' title='bbox 876 3266 992 3319; x_wconf 78' lang='lat' dir='ltr'>ictorum</span> <span class='ocrx_word' id='word_1_237' title='bbox 1020 3263 1053 3315; x_wconf 89' lang='lat' dir='ltr'>tt.</span> <span class='ocrx_word' id='word_1_238' title='bbox 1065 3279 1131 3316; x_wconf 91' lang='lat' dir='ltr'>cnu-</span> 
     </span>
     <span class='ocr_line' id='line_1_36' title="bbox 315 3346 868 3420; baseline 0.002 -22"><span class='ocrx_word' id='word_1_239' title='bbox 315 3346 450 3417; x_wconf 75' lang='lat' dir='ltr'>jnngcacl,</span> <span class='ocrx_word' id='word_1_240' title='bbox 466 3365 637 3419; x_wconf 87' lang='lat' dir='ltr'>unamqncex</span> <span class='ocrx_word' id='word_1_241' title='bbox 651 3349 701 3400; x_wconf 90' lang='lat' dir='ltr'>alia</span> <span class='ocrx_word' id='word_1_242' title='bbox 714 3349 868 3420; x_wconf 76' lang='lat' dir='ltr'>explicaret.</span> 
     </span>
    </p>

    <p class='ocr_par' dir='ltr' id='par_1_9' title="bbox 317 3427 1134 3748">
     <span class='ocr_line' id='line_1_37' title="bbox 353 3427 1133 3501; baseline -0.005 -16"><span class='ocrx_word' id='word_1_243' title='bbox 353 3433 377 3498; x_wconf 72' lang='grc'>5.</span> <span class='ocrx_word' id='word_1_244' title='bbox 397 3434 422 3485; x_wconf 82' lang='grc'>3.</span> <span class='ocrx_word' id='word_1_245' title='bbox 455 3432 578 3486; x_wconf 87' lang='lat' dir='ltr'>Codiccm</span> <span class='ocrx_word' id='word_1_246' title='bbox 612 3449 645 3486; x_wconf 81' lang='lat' dir='ltr'>ex</span> <span class='ocrx_word' id='word_1_247' title='bbox 664 3431 802 3501; x_wconf 89' lang='lat' dir='ltr'>rescriptis</span> <span class='ocrx_word' id='word_1_248' title='bbox 820 3431 1009 3500; x_wconf 88' lang='lat' dir='ltr'>imperaturum</span> <span class='ocrx_word' id='word_1_249' title='bbox 1032 3427 1133 3499; x_wconf 89' lang='lat' dir='ltr'>compi·</span> 
     </span>
     <span class='ocr_line' id='line_1_38' title="bbox 317 3509 1134 3582; baseline -0.005 -17"><span class='ocrx_word' id='word_1_250' title='bbox 317 3511 402 3567; x_wconf 87' lang='lat' dir='ltr'>latum</span> <span class='ocrx_word' id='word_1_251' title='bbox 434 3530 509 3582; x_wconf 88' lang='lat' dir='ltr'>csse,</span> <span class='ocrx_word' id='word_1_252' title='bbox 538 3515 603 3568; x_wconf 91' lang='lat' dir='ltr'>satis</span> <span class='ocrx_word' id='word_1_253' title='bbox 632 3522 746 3567; x_wconf 85' lang='lat' dir='ltr'>constat:</span> <span class='ocrx_word' id='word_1_254' title='bbox 777 3529 887 3580; x_wconf 88' lang='lat' dir='ltr'>qnorum</span> <span class='ocrx_word' id='word_1_255' title='bbox 907 3509 1034 3572; x_wconf 87' lang='lat' dir='ltr'>numina,</span> <span class='ocrx_word' id='word_1_256' title='bbox 1062 3518 1134 3563; x_wconf 87' lang='lat' dir='ltr'>utet</span> 
     </span>
     <span class='ocr_line' id='line_1_39' title="bbox 317 3589 1132 3665; baseline 0 -19"><span class='ocrx_word' id='word_1_257' title='bbox 317 3603 422 3664; x_wconf 85' lang='lat' dir='ltr'>ternpus</span> <span class='ocrx_word' id='word_1_258' title='bbox 438 3596 627 3665; x_wconf 76' lang='lat' dir='ltr'>legislationis,</span> <span class='ocrx_word' id='word_1_259' title='bbox 647 3593 784 3650; x_wconf 68' lang='lat' dir='ltr'>retinentia</span> <span class='ocrx_word' id='word_1_260' title='bbox 803 3595 947 3664; x_wconf 82' lang='lat' dir='ltr'>peniteret</span> <span class='ocrx_word' id='word_1_261' title='bbox 967 3589 1132 3661; x_wconf 77' lang='lat' dir='ltr'>praefigenda</span> 
     </span>
     <span class='ocr_line' id='line_1_40' title="bbox 318 3675 1134 3748; baseline -0.001 -17"><span class='ocrx_word' id='word_1_262' title='bbox 318 3679 431 3748; x_wconf 75' lang='lat' dir='ltr'>singulis</span> <span class='ocrx_word' id='word_1_263' title='bbox 449 3681 566 3732; x_wconf 77' lang='lat' dir='ltr'>textibus</span> <span class='ocrx_word' id='word_1_264' title='bbox 583 3679 687 3731; x_wconf 90' lang='lat' dir='ltr'>censuit</span> <span class='ocrx_word' id='word_1_265' title='bbox 703 3677 882 3733; x_wconf 81' lang='lat' dir='ltr'>tusttutsone.</span> <span class='ocrx_word' id='word_1_266' title='bbox 912 3675 1043 3732; x_wconf 76' lang='lat' dir='ltr'>Ordinem</span> <span class='ocrx_word' id='word_1_267' title='bbox 1073 3695 1134 3730; x_wconf 84' lang='lat' dir='ltr'>seru</span> 
     </span>
    </p>
   </div>
   <div class='ocr_carea' id='block_1_4' title="bbox 229 3757 1135 3834">
    <p class='ocr_par' dir='ltr' id='par_1_10' title="bbox 229 3757 1135 3834">
     <span class='ocr_line' id='line_1_41' title="bbox 229 3757 1135 3834; baseline -0.002 -18"><span class='ocrx_word' id='word_1_268' title='bbox 229 3793 233 3802; x_wconf 94' lang='lat'><em>·</em></span> <span class='ocrx_word' id='word_1_269' title='bbox 317 3769 468 3834; x_wconf 84' lang='lat' dir='ltr'>lcmporurn</span> <span class='ocrx_word' id='word_1_270' title='bbox 488 3761 638 3816; x_wconf 80' lang='lat' dir='ltr'>obuersarit</span> <span class='ocrx_word' id='word_1_271' title='bbox 666 3762 695 3812; x_wconf 91' lang='lat' dir='ltr'>iu</span> <span class='ocrx_word' id='word_1_272' title='bbox 724 3759 824 3832; x_wconf 75' lang='lat' dir='ltr'>iegibus</span> <span class='ocrx_word' id='word_1_273' title='bbox 841 3757 941 3812; x_wconf 89' lang='lat' dir='ltr'>cudicie</span> <span class='ocrx_word' id='word_1_274' title='bbox 968 3757 1135 3831; x_wconf 85' lang='lat' dir='ltr'>imperator,</span> 
     </span>
    </p>
   </div>
   <div class='ocr_carea' id='block_1_5' title="bbox 250 3839 1140 4496">
    <p class='ocr_par' dir='ltr' id='par_1_11' title="bbox 250 3839 1140 4400">
     <span class='ocr_line' id='line_1_42' title="bbox 250 3839 1140 3914; baseline -0.004 -16"><span class='ocrx_word' id='word_1_275' title='bbox 250 3895 255 3904; x_wconf 92' lang='grc'><strong>,</strong></span> <span class='ocrx_word' id='word_1_276' title='bbox 318 3843 392 3914; x_wconf 85' lang='lat' dir='ltr'>qnod¹</span> <span class='ocrx_word' id='word_1_277' title='bbox 408 3860 462 3897; x_wconf 93' lang='lat' dir='ltr'>non</span> <span class='ocrx_word' id='word_1_278' title='bbox 481 3843 558 3898; x_wconf 88' lang='lat' dir='ltr'>modu</span> <span class='ocrx_word' id='word_1_279' title='bbox 577 3860 609 3898; x_wconf 82' lang='lat' dir='ltr'>ca</span> <span class='ocrx_word' id='word_1_280' title='bbox 628 3840 735 3912; x_wconf 83' lang='lat' dir='ltr'>adjectis</span> <span class='ocrx_word' id='word_1_281' title='bbox 753 3842 847 3896; x_wconf 89' lang='lat' dir='ltr'>diebus</span> <span class='ocrx_word' id='word_1_282' title='bbox 865 3839 1076 3908; x_wconf 85' lang='lat' dir='ltr'>consulibusque,</span> <span class='ocrx_word' id='word_1_283' title='bbox 1089 3841 1140 3894; x_wconf 85' lang='lat' dir='ltr'>sed-</span> 
     </span>
     <span class='ocr_line' id='line_1_43' title="bbox 318 3923 1135 3997; baseline 0 -19"><span class='ocrx_word' id='word_1_284' title='bbox 318 3925 397 3980; x_wconf 89' lang='lat' dir='ltr'>etiam</span> <span class='ocrx_word' id='word_1_285' title='bbox 415 3943 448 3980; x_wconf 81' lang='lat' dir='ltr'>es</span> <span class='ocrx_word' id='word_1_286' title='bbox 467 3925 523 3997; x_wconf 82' lang='lat' dir='ltr'>lpse</span> <span class='ocrx_word' id='word_1_287' title='bbox 540 3926 734 3996; x_wconf 76' lang='lat' dir='ltr'>compositione</span> <span class='ocrx_word' id='word_1_288' title='bbox 750 3941 838 3978; x_wconf 86' lang='lat' dir='ltr'>earnm</span> <span class='ocrx_word' id='word_1_289' title='bbox 857 3924 987 3977; x_wconf 76' lang='lat' dir='ltr'>clarescit.</span> <span class='ocrx_word' id='word_1_290' title='bbox 1001 3923 1054 3978; x_wconf 82' lang='lat' dir='ltr'>uid.</span> <span class='ocrx_word' id='word_1_291' title='bbox 1071 3942 1135 3978; x_wconf 85' lang='lat' dir='ltr'>cura·</span> 
     </span>
     <span class='ocr_line' id='line_1_44' title="bbox 320 4005 1134 4078; baseline -0.002 -16"><span class='ocrx_word' id='word_1_292' title='bbox 320 4010 375 4062; x_wconf 79' lang='lat' dir='ltr'>sts&#39;t.</span> <span class='ocrx_word' id='word_1_293' title='bbox 400 4009 433 4064; x_wconf 84' lang='lat' dir='ltr'>tic</span> <span class='ocrx_word' id='word_1_294' title='bbox 457 4026 532 4066; x_wconf 82' lang='lat' dir='ltr'>novo</span> <span class='ocrx_word' id='word_1_295' title='bbox 547 4007 606 4063; x_wconf 82' lang='lat' dir='ltr'>end.</span> <span class='ocrx_word' id='word_1_296' title='bbox 616 4009 673 4078; x_wconf 79' lang='lat' dir='ltr'>scen.</span> <span class='ocrx_word' id='word_1_297' title='bbox 685 4010 708 4076; x_wconf 84' lang='lat'>§.</span> <span class='ocrx_word' id='word_1_298' title='bbox 721 4009 746 4060; x_wconf 72' lang='grc'>8.</span> <span class='ocrx_word' id='word_1_299' title='bbox 761 4007 866 4060; x_wconf 85' lang='lat' dir='ltr'>Primus</span> <span class='ocrx_word' id='word_1_300' title='bbox 883 4019 969 4062; x_wconf 88' lang='lat' dir='ltr'>entem</span> <span class='ocrx_word' id='word_1_301' title='bbox 989 4005 1134 4078; x_wconf 71' lang='lat' dir='ltr'>imperato·</span> 
     </span>
     <span class='ocr_line' id='line_1_45' title="bbox 320 4089 1135 4166; baseline -0.004 -19"><span class='ocrx_word' id='word_1_302' title='bbox 320 4109 397 4160; x_wconf 88' lang='lat' dir='ltr'>rum,</span> <span class='ocrx_word' id='word_1_303' title='bbox 415 4111 527 4166; x_wconf 87' lang='lat' dir='ltr'>quornm</span> <span class='ocrx_word' id='word_1_304' title='bbox 545 4093 723 4164; x_wconf 85' lang='lat' dir='ltr'>rescripta-io</span> <span class='ocrx_word' id='word_1_305' title='bbox 740 4089 857 4146; x_wconf 76' lang='lat' dir='ltr'>audirem</span> <span class='ocrx_word' id='word_1_306' title='bbox 877 4092 967 4156; x_wconf 83' lang='lat' dir='ltr'>relata,</span> <span class='ocrx_word' id='word_1_307' title='bbox 980 4099 1022 4142; x_wconf 86' lang='lat' dir='ltr'>est</span> <span class='ocrx_word' id='word_1_308' title='bbox 1046 4089 1135 4144; x_wconf 82' lang='lat' dir='ltr'>helius</span> 
     </span>
     <span class='ocr_line' id='line_1_46' title="bbox 322 4170 1134 4246; baseline -0.007 -16"><span class='ocrx_word' id='word_1_309' title='bbox 322 4177 489 4241; x_wconf 77' lang='lat' dir='ltr'>Hadrianus,</span> <span class='ocrx_word' id='word_1_310' title='bbox 506 4177 551 4246; x_wconf 92' lang='lat' dir='ltr'>qui</span> <span class='ocrx_word' id='word_1_311' title='bbox 572 4177 674 4246; x_wconf 87' lang='lat' dir='ltr'>primus</span> <span class='ocrx_word' id='word_1_312' title='bbox 691 4173 779 4227; x_wconf 90' lang='lat' dir='ltr'>sccuio</span> <span class='ocrx_word' id='word_1_313' title='bbox 798 4171 910 4226; x_wconf 89' lang='lat' dir='ltr'>secundo</span> <span class='ocrx_word' id='word_1_314' title='bbox 928 4170 1043 4241; x_wconf 82' lang='lat' dir='ltr'>imperio</span> <span class='ocrx_word' id='word_1_315' title='bbox 1060 4187 1134 4240; x_wconf 86' lang='lat' dir='ltr'>prae-</span> 
     </span>
     <span class='ocr_line' id='line_1_47' title="bbox 320 4252 1135 4329; baseline -0.01 -15"><span class='ocrx_word' id='word_1_316' title='bbox 320 4259 392 4324; x_wconf 63' lang='lat' dir='ltr'>tuin</span> <span class='ocrx_word' id='word_1_317' title='bbox 408 4262 498 4329; x_wconf 84' lang='lat' dir='ltr'>cujus,</span> <span class='ocrx_word' id='word_1_318' title='bbox 516 4265 545 4313; x_wconf 82' lang='lat' dir='ltr'>et</span> <span class='ocrx_word' id='word_1_319' title='bbox 562 4256 792 4324; x_wconf 89' lang='lat' dir='ltr'>subsequentium,</span> <span class='ocrx_word' id='word_1_320' title='bbox 812 4269 891 4326; x_wconf 88' lang='lat' dir='ltr'>usquc</span> <span class='ocrx_word' id='word_1_321' title='bbox 909 4252 941 4307; x_wconf 92' lang='lat' dir='ltr'>ad</span> <span class='ocrx_word' id='word_1_322' title='bbox 955 4252 1135 4308; x_wconf 80' lang='lat' dir='ltr'>lastinianum</span> 
     </span>
     <span class='ocr_line' id='line_1_48' title="bbox 323 4339 854 4400; baseline -0.015 0"><span class='ocrx_word' id='word_1_323' title='bbox 323 4344 527 4400; x_wconf 85' lang='lat' dir='ltr'>constitutiones</span> <span class='ocrx_word' id='word_1_324' title='bbox 540 4342 567 4396; x_wconf 92' lang='lat' dir='ltr'>in</span> <span class='ocrx_word' id='word_1_325' title='bbox 581 4341 671 4394; x_wconf 87' lang='lat' dir='ltr'>codice</span> <span class='ocrx_word' id='word_1_326' title='bbox 684 4339 854 4394; x_wconf 84' lang='lat' dir='ltr'>exhibentur.</span> 
     </span>
    </p>

    <p class='ocr_par' dir='ltr' id='par_1_12' title="bbox 356 4421 1138 4496">
     <span class='ocr_line' id='line_1_49' title="bbox 356 4421 1138 4496; baseline -0.003 -18"><span class='ocrx_word' id='word_1_327' title='bbox 356 4423 381 4496; x_wconf 82' lang='grc'>5.</span> <span class='ocrx_word' id='word_1_328' title='bbox 409 4427 436 4481; x_wconf 90' lang='grc'>1.</span> <span class='ocrx_word' id='word_1_329' title='bbox 464 4426 561 4480; x_wconf 82' lang='lat' dir='ltr'>Nostra</span> <span class='ocrx_word' id='word_1_330' title='bbox 577 4423 638 4491; x_wconf 82' lang='lat' dir='ltr'>lex,</span> <span class='ocrx_word' id='word_1_331' title='bbox 657 4424 731 4490; x_wconf 82' lang='lat' dir='ltr'>cujus</span> <span class='ocrx_word' id='word_1_332' title='bbox 750 4423 951 4492; x_wconf 78' lang='lat' dir='ltr'>explicationem</span> <span class='ocrx_word' id='word_1_333' title='bbox 971 4421 999 4474; x_wconf 92' lang='lat' dir='ltr'>in</span> <span class='ocrx_word' id='word_1_334' title='bbox 1017 4439 1138 4492; x_wconf 86' lang='lat' dir='ltr'>praesen·</span> 
     </span>
    </p>
   </div>
   <div class='ocr_carea' id='block_1_6' title="bbox 1181 335 2000 742">
    <p class='ocr_par' dir='ltr' id='par_1_13' title="bbox 1181 335 2000 742">
     <span class='ocr_line' id='line_1_50' title="bbox 1182 335 1999 411; baseline -0.004 -20"><span class='ocrx_word' id='word_1_335' title='bbox 1182 339 1275 404; x_wconf 76' lang='lat' dir='ltr'>uiaks,</span> <span class='ocrx_word' id='word_1_336' title='bbox 1292 359 1325 411; x_wconf 75' lang='lat' dir='ltr'>p,</span> <span class='ocrx_word' id='word_1_337' title='bbox 1339 342 1364 391; x_wconf 91' lang='grc'>1.</span> <span class='ocrx_word' id='word_1_338' title='bbox 1381 357 1408 408; x_wconf 81' lang='lat' dir='ltr'>p.</span> <span class='ocrx_word' id='word_1_339' title='bbox 1427 337 1488 392; x_wconf 73' lang='lat' dir='ltr'>ant.</span> <span class='ocrx_word' id='word_1_340' title='bbox 1507 338 1582 394; x_wconf 80' lang='lat' dir='ltr'>Pacis</span> <span class='ocrx_word' id='word_1_341' title='bbox 1599 353 1701 409; x_wconf 89' lang='lat' dir='ltr'>qouque</span> <span class='ocrx_word' id='word_1_342' title='bbox 1729 335 1880 389; x_wconf 82' lang='lat' dir='ltr'>trahebatur</span> <span class='ocrx_word' id='word_1_343' title='bbox 1910 351 1999 388; x_wconf 86' lang='lat' dir='ltr'>amore</span> 
     </span>
     <span class='ocr_line' id='line_1_51' title="bbox 1184 421 1998 492; baseline 0 -20"><span class='ocrx_word' id='word_1_344' title='bbox 1184 423 1343 490; x_wconf 72' lang='lat' dir='ltr'>insignitcr3</span> <span class='ocrx_word' id='word_1_345' title='bbox 1365 435 1431 476; x_wconf 91' lang='lat' dir='ltr'>teste</span> <span class='ocrx_word' id='word_1_346' title='bbox 1450 426 1554 478; x_wconf 87' lang='lat' dir='ltr'>Socrate</span> <span class='ocrx_word' id='word_1_347' title='bbox 1572 424 1616 478; x_wconf 87' lang='lat' dir='ltr'>cit.</span> <span class='ocrx_word' id='word_1_348' title='bbox 1637 425 1687 478; x_wconf 88' lang='lat' dir='ltr'>loc.</span> <span class='ocrx_word' id='word_1_349' title='bbox 1706 421 1782 492; x_wconf 87' lang='lat' dir='ltr'>Quod</span> <span class='ocrx_word' id='word_1_350' title='bbox 1807 421 1947 490; x_wconf 82' lang='lat' dir='ltr'>ultimum,</span> <span class='ocrx_word' id='word_1_351' title='bbox 1967 429 1998 472; x_wconf 79' lang='lat' dir='ltr'>ut</span> 
     </span>
     <span class='ocr_line' id='line_1_52' title="bbox 1182 505 1999 577; baseline 0 -21"><span class='ocrx_word' id='word_1_352' title='bbox 1182 516 1205 556; x_wconf 93' lang='lat' dir='ltr'>et</span> <span class='ocrx_word' id='word_1_353' title='bbox 1225 521 1290 572; x_wconf 91' lang='lat' dir='ltr'>qnae</span> <span class='ocrx_word' id='word_1_354' title='bbox 1309 507 1337 556; x_wconf 89' lang='lat' dir='ltr'>in</span> <span class='ocrx_word' id='word_1_355' title='bbox 1357 506 1415 574; x_wconf 85' lang='lat' dir='ltr'>ipso</span> <span class='ocrx_word' id='word_1_356' title='bbox 1435 518 1566 575; x_wconf 86' lang='lat' dir='ltr'>praeterea</span> <span class='ocrx_word' id='word_1_357' title='bbox 1586 507 1743 577; x_wconf 90' lang='lat' dir='ltr'>conspicuae</span> <span class='ocrx_word' id='word_1_358' title='bbox 1760 515 1833 558; x_wconf 91' lang='lat' dir='ltr'>erent</span> <span class='ocrx_word' id='word_1_359' title='bbox 1863 505 1999 569; x_wconf 74' lang='lat' dir='ltr'>virtuter,</span> 
     </span>
     <span class='ocr_line' id='line_1_53' title="bbox 1181 586 2000 654; baseline 0 -14"><span class='ocrx_word' id='word_1_360' title='bbox 1181 589 1324 641; x_wconf 86' lang='lat' dir='ltr'>selis&#39;enm</span> <span class='ocrx_word' id='word_1_361' title='bbox 1345 589 1486 642; x_wconf 83' lang='lat' dir='ltr'>residebant</span> <span class='ocrx_word' id='word_1_362' title='bbox 1504 589 1761 654; x_wconf 74' lang='lat' dir='ltr'>commendabilem,</span> <span class='ocrx_word' id='word_1_363' title='bbox 1778 587 1839 640; x_wconf 90' lang='lat' dir='ltr'>lieet</span> <span class='ocrx_word' id='word_1_364' title='bbox 1852 586 2000 646; x_wconf 85' lang='lat' dir='ltr'>subscribs-</span> 
     </span>
     <span class='ocr_line' id='line_1_54' title="bbox 1182 669 1999 742; baseline 0.002 -20"><span class='ocrx_word' id='word_1_365' title='bbox 1182 677 1271 724; x_wconf 77' lang='lat' dir='ltr'>r&#39;emua</span> <span class='ocrx_word' id='word_1_366' title='bbox 1289 669 1406 741; x_wconf 74' lang='lat' dir='ltr'>Georgio</span> <span class='ocrx_word' id='word_1_367' title='bbox 1425 673 1563 734; x_wconf 77' lang='lat' dir='ltr'>Cedrcnc&#39;,</span> <span class='ocrx_word' id='word_1_368' title='bbox 1582 671 1626 742; x_wconf 90' lang='lat' dir='ltr'>qni</span> <span class='ocrx_word' id='word_1_369' title='bbox 1645 672 1673 722; x_wconf 90' lang='lat' dir='ltr'>in</span> <span class='ocrx_word' id='word_1_370' title='bbox 1695 671 1843 725; x_wconf 79' lang='lat' dir='ltr'>annalibus</span> <span class='ocrx_word' id='word_1_371' title='bbox 1866 672 1925 724; x_wconf 76' lang='lat' dir='ltr'>auis</span> <span class='ocrx_word' id='word_1_372' title='bbox 1947 669 1999 724; x_wconf 78' lang='lat' dir='ltr'>aud</span> 
     </span>
    </p>
   </div>
   <div class='ocr_carea' id='block_1_7' title="bbox 1181 753 2102 826">
    <p class='ocr_par' dir='ltr' id='par_1_14' title="bbox 1181 753 2102 826">
     <span class='ocr_line' id='line_1_55' title="bbox 1181 753 2102 826; baseline -0.002 -18"><span class='ocrx_word' id='word_1_373' title='bbox 1181 755 1308 808; x_wconf 84' lang='lat' dir='ltr'>Arcadio</span> <span class='ocrx_word' id='word_1_374' title='bbox 1322 774 1387 826; x_wconf 72' lang='lat' dir='ltr'>pag.</span> <span class='ocrx_word' id='word_1_375' title='bbox 1401 753 1463 810; x_wconf 70' lang='grc'><strong>888.</strong></span> <span class='ocrx_word' id='word_1_376' title='bbox 1481 757 1584 809; x_wconf 67' lang='lat' dir='ltr'>tinen.</span> <span class='ocrx_word' id='word_1_377' title='bbox 1603 755 1791 825; x_wconf 82' lang='lat' dir='ltr'>imperatorem</span> <span class='ocrx_word' id='word_1_378' title='bbox 1811 761 1929 806; x_wconf 83' lang='lat' dir='ltr'>nostrum</span> <span class='ocrx_word' id='word_1_379' title='bbox 1943 771 1998 806; x_wconf 90' lang='lat' dir='ltr'>our-</span> <span class='ocrx_word' id='word_1_380' title='bbox 2094 757 2102 768; x_wconf 90' lang='grc'><strong>”</strong></span> 
     </span>
    </p>
   </div>
   <div class='ocr_carea' id='block_1_8' title="bbox 1180 837 2001 1158">
    <p class='ocr_par' dir='ltr' id='par_1_15' title="bbox 1180 837 2001 1158">
     <span class='ocr_line' id='line_1_56' title="bbox 1182 837 2000 908; baseline 0.001 -20"><span class='ocrx_word' id='word_1_381' title='bbox 1182 837 1504 908; x_wconf 75' lang='lat' dir='ltr'>poraadmuriumiuisse</span> <span class='ocrx_word' id='word_1_382' title='bbox 1522 839 1658 901; x_wconf 75' lang='lat' dir='ltr'>deformi,</span> <span class='ocrx_word' id='word_1_383' title='bbox 1692 839 1813 906; x_wconf 78' lang='lat' dir='ltr'>nigrum,</span> <span class='ocrx_word' id='word_1_384' title='bbox 1842 853 1873 890; x_wconf 88' lang='lat' dir='ltr'>ae</span> <span class='ocrx_word' id='word_1_385' title='bbox 1903 847 2000 889; x_wconf 88' lang='lat' dir='ltr'>statura</span> 
     </span>
     <span class='ocr_line' id='line_1_57' title="bbox 1181 919 2001 990; baseline -0.004 -16"><span class='ocrx_word' id='word_1_386' title='bbox 1181 925 1384 990; x_wconf 80' lang='lat' dir='ltr'>praesenserit.</span> <span class='ocrx_word' id='word_1_387' title='bbox 1404 925 1473 978; x_wconf 79' lang='lat' dir='ltr'>Sane</span> <span class='ocrx_word' id='word_1_388' title='bbox 1491 923 1598 975; x_wconf 86' lang='lat' dir='ltr'>allectos</span> <span class='ocrx_word' id='word_1_389' title='bbox 1616 920 1753 976; x_wconf 77' lang='lat' dir='ltr'>virtutibus</span> <span class='ocrx_word' id='word_1_390' title='bbox 1776 921 1834 987; x_wconf 79' lang='lat' dir='ltr'>eins</span> <span class='ocrx_word' id='word_1_391' title='bbox 1861 919 2001 987; x_wconf 82' lang='lat' dir='ltr'>animique</span> 
     </span>
     <span class='ocr_line' id='line_1_58' title="bbox 1180 1004 2001 1076; baseline 0.002 -22"><span class='ocrx_word' id='word_1_392' title='bbox 1180 1005 1284 1058; x_wconf 82' lang='lat' dir='ltr'>elotilues</span> <span class='ocrx_word' id='word_1_393' title='bbox 1303 1015 1377 1076; x_wconf 84' lang='lat' dir='ltr'>pater</span> <span class='ocrx_word' id='word_1_394' title='bbox 1396 1005 1561 1060; x_wconf 85' lang='lat' dir='ltr'>Theodosius</span> <span class='ocrx_word' id='word_1_395' title='bbox 1579 1024 1614 1057; x_wconf 86' lang='lat' dir='ltr'>m.</span> <span class='ocrx_word' id='word_1_396' title='bbox 1632 1005 1735 1075; x_wconf 88' lang='lat' dir='ltr'>ipsum,</span> <span class='ocrx_word' id='word_1_397' title='bbox 1753 1019 1813 1056; x_wconf 89' lang='lat' dir='ltr'>cnm</span> <span class='ocrx_word' id='word_1_398' title='bbox 1829 1004 1909 1056; x_wconf 86' lang='lat' dir='ltr'>morti</span> <span class='ocrx_word' id='word_1_399' title='bbox 1930 1013 2001 1056; x_wconf 86' lang='lat' dir='ltr'>esset</span> 
     </span>
     <span class='ocr_line' id='line_1_59' title="bbox 1183 1085 2001 1158; baseline -0.004 -19"><span class='ocrx_word' id='word_1_400' title='bbox 1183 1086 1301 1153; x_wconf 86' lang='lat' dir='ltr'>ricinus,</span> <span class='ocrx_word' id='word_1_401' title='bbox 1320 1089 1349 1140; x_wconf 92' lang='lat' dir='ltr'>in</span> <span class='ocrx_word' id='word_1_402' title='bbox 1368 1090 1532 1142; x_wconf 74' lang='lat' dir='ltr'>consortium</span> <span class='ocrx_word' id='word_1_403' title='bbox 1552 1088 1661 1158; x_wconf 86' lang='lat' dir='ltr'>imperii</span> <span class='ocrx_word' id='word_1_404' title='bbox 1679 1085 1836 1156; x_wconf 84' lang='lat' dir='ltr'>assumpsit,</span> <span class='ocrx_word' id='word_1_405' title='bbox 1855 1095 1917 1155; x_wconf 86' lang='lat' dir='ltr'>pust</span> <span class='ocrx_word' id='word_1_406' title='bbox 1931 1102 2001 1137; x_wconf 89' lang='lat' dir='ltr'>mur·</span> 
     </span>
    </p>
   </div>
   <div class='ocr_carea' id='block_1_9' title="bbox 1161 1168 2002 1241">
    <p class='ocr_par' dir='ltr' id='par_1_16' title="bbox 1161 1168 2002 1241">
     <span class='ocr_line' id='line_1_60' title="bbox 1161 1168 2002 1241; baseline -0.005 -17"><span class='ocrx_word' id='word_1_407' title='bbox 1161 1173 1162 1176; x_wconf 72' lang='grc'>’</span> <span class='ocrx_word' id='word_1_408' title='bbox 1183 1181 1234 1224; x_wconf 88' lang='lat' dir='ltr'>tem</span> <span class='ocrx_word' id='word_1_409' title='bbox 1256 1189 1318 1226; x_wconf 85' lang='lat' dir='ltr'>reru</span> <span class='ocrx_word' id='word_1_410' title='bbox 1337 1190 1368 1225; x_wconf 81' lang='lat' dir='ltr'>ex</span> <span class='ocrx_word' id='word_1_411' title='bbox 1387 1181 1546 1228; x_wconf 88' lang='lat' dir='ltr'>testamento</span> <span class='ocrx_word' id='word_1_412' title='bbox 1563 1173 1694 1234; x_wconf 81' lang='lat' dir='ltr'>orientem</span> <span class='ocrx_word' id='word_1_413' title='bbox 1719 1171 1772 1241; x_wconf 86' lang='lat' dir='ltr'>ipsi</span> <span class='ocrx_word' id='word_1_414' title='bbox 1797 1168 2002 1238; x_wconf 74' lang='lat' dir='ltr'>gubernandum</span> 
     </span>
    </p>
   </div>
   <div class='ocr_carea' id='block_1_10' title="bbox 1181 1251 2005 1741">
    <p class='ocr_par' dir='ltr' id='par_1_17' title="bbox 1181 1251 2005 1741">
     <span class='ocr_line' id='line_1_61' title="bbox 1184 1251 2003 1326; baseline -0.005 -19"><span class='ocrx_word' id='word_1_415' title='bbox 1184 1255 1311 1324; x_wconf 88' lang='lat' dir='ltr'>reliquit:</span> <span class='ocrx_word' id='word_1_416' title='bbox 1329 1257 1371 1308; x_wconf 90' lang='lat' dir='ltr'>coi</span> <span class='ocrx_word' id='word_1_417' title='bbox 1390 1259 1470 1309; x_wconf 88' lang='lat' dir='ltr'>ctiam</span> <span class='ocrx_word' id='word_1_418' title='bbox 1499 1258 1681 1326; x_wconf 83' lang='lat' dir='ltr'>laudatissime</span> <span class='ocrx_word' id='word_1_419' title='bbox 1711 1251 1843 1324; x_wconf 73' lang='lat' dir='ltr'>preetutr,</span> <span class='ocrx_word' id='word_1_420' title='bbox 1875 1253 2003 1322; x_wconf 84' lang='lat' dir='ltr'>iliumque</span> 
     </span>
     <span class='ocr_line' id='line_1_62' title="bbox 1182 1337 2005 1411; baseline 0 -23"><span class='ocrx_word' id='word_1_421' title='bbox 1182 1337 1293 1406; x_wconf 88' lang='lat' dir='ltr'>optimis</span> <span class='ocrx_word' id='word_1_422' title='bbox 1313 1341 1431 1409; x_wconf 77' lang='lat' dir='ltr'>iegibus,</span> <span class='ocrx_word' id='word_1_423' title='bbox 1450 1351 1541 1410; x_wconf 87' lang='lat' dir='ltr'>utpote</span> <span class='ocrx_word' id='word_1_424' title='bbox 1559 1356 1626 1411; x_wconf 87' lang='lat' dir='ltr'>quae</span> <span class='ocrx_word' id='word_1_425' title='bbox 1643 1337 1842 1392; x_wconf 79' lang='lat' dir='ltr'>fundamentum</span> <span class='ocrx_word' id='word_1_426' title='bbox 1861 1346 1921 1389; x_wconf 88' lang='lat' dir='ltr'>sunt</span> <span class='ocrx_word' id='word_1_427' title='bbox 1936 1337 2005 1388; x_wconf 82' lang='lat' dir='ltr'>benc</span> 
     </span>
     <span class='ocr_line' id='line_1_63' title="bbox 1182 1419 2003 1492; baseline 0.001 -20"><span class='ocrx_word' id='word_1_428' title='bbox 1182 1421 1341 1475; x_wconf 77' lang='lat' dir='ltr'>constitutae</span> <span class='ocrx_word' id='word_1_429' title='bbox 1360 1423 1445 1492; x_wconf 73' lang='lat' dir='ltr'>reip,</span> <span class='ocrx_word' id='word_1_430' title='bbox 1464 1425 1578 1478; x_wconf 82' lang='lat' dir='ltr'>munivit</span> <span class='ocrx_word' id='word_1_431' title='bbox 1597 1421 1755 1492; x_wconf 71' lang='lat' dir='ltr'>insigniter,</span> <span class='ocrx_word' id='word_1_432' title='bbox 1786 1419 1867 1472; x_wconf 87' lang='lat' dir='ltr'>donec</span> <span class='ocrx_word' id='word_1_433' title='bbox 1898 1419 2003 1474; x_wconf 87' lang='lat' dir='ltr'>tandem</span> 
     </span>
     <span class='ocr_line' id='line_1_64' title="bbox 1182 1503 2005 1572; baseline 0.006 -21"><span class='ocrx_word' id='word_1_434' title='bbox 1182 1519 1251 1554; x_wconf 91' lang='lat' dir='ltr'>anno</span> <span class='ocrx_word' id='word_1_435' title='bbox 1268 1503 1371 1556; x_wconf 83' lang='lat' dir='ltr'>Christi</span> <span class='ocrx_word' id='word_1_436' title='bbox 1391 1505 1453 1558; x_wconf 86' lang='grc'><strong>188.</strong></span> <span class='ocrx_word' id='word_1_437' title='bbox 1473 1505 1554 1560; x_wconf 86' lang='lat' dir='ltr'>Besso</span> <span class='ocrx_word' id='word_1_438' title='bbox 1573 1517 1598 1560; x_wconf 85' lang='lat' dir='ltr'>st</span> <span class='ocrx_word' id='word_1_439' title='bbox 1616 1505 1747 1572; x_wconf 83' lang='lat' dir='ltr'>Phiiippo</span> <span class='ocrx_word' id='word_1_440' title='bbox 1764 1519 1831 1556; x_wconf 90' lang='lat' dir='ltr'>cose.</span> <span class='ocrx_word' id='word_1_441' title='bbox 1846 1503 1918 1556; x_wconf 85' lang='lat' dir='ltr'>diem</span> <span class='ocrx_word' id='word_1_442' title='bbox 1932 1503 2005 1556; x_wconf 83' lang='lat' dir='ltr'>chiis</span> 
     </span>
     <span class='ocr_line' id='line_1_65' title="bbox 1183 1586 2002 1658; baseline 0.001 -21"><span class='ocrx_word' id='word_1_443' title='bbox 1183 1602 1344 1654; x_wconf 84' lang='lat' dir='ltr'>supremum.</span> <span class='ocrx_word' id='word_1_444' title='bbox 1363 1588 1416 1640; x_wconf 87' lang='lat' dir='ltr'>ald.</span> <span class='ocrx_word' id='word_1_445' title='bbox 1434 1591 1530 1643; x_wconf 84' lang='lat' dir='ltr'>inhers.</span> <span class='ocrx_word' id='word_1_446' title='bbox 1549 1587 1657 1657; x_wconf 78' lang='lat' dir='ltr'>vttcttg.</span> <span class='ocrx_word' id='word_1_447' title='bbox 1677 1586 1852 1658; x_wconf 76' lang='lat' dir='ltr'>Freymunius</span> <span class='ocrx_word' id='word_1_448' title='bbox 1880 1586 1910 1639; x_wconf 88' lang='lat' dir='ltr'>iu</span> <span class='ocrx_word' id='word_1_449' title='bbox 1928 1604 2002 1656; x_wconf 75' lang='lat' dir='ltr'>aym·</span> 
     </span>
     <span class='ocr_line' id='line_1_66' title="bbox 1181 1665 2004 1741; baseline 0.004 -20"><span class='ocrx_word' id='word_1_450' title='bbox 1181 1665 1288 1738; x_wconf 74' lang='lat' dir='ltr'>plancio</span> <span class='ocrx_word' id='word_1_451' title='bbox 1302 1671 1377 1740; x_wconf 74' lang='lat' dir='ltr'>juris</span> <span class='ocrx_word' id='word_1_452' title='bbox 1394 1673 1587 1741; x_wconf 64' lang='lat' dir='ltr'>chronologico</span> <span class='ocrx_word' id='word_1_453' title='bbox 1606 1689 1635 1739; x_wconf 82' lang='grc' dir='ltr'>ρ.</span> <span class='ocrx_word' id='word_1_454' title='bbox 1653 1670 1718 1722; x_wconf 93' lang='grc'><strong>858.</strong></span> <span class='ocrx_word' id='word_1_455' title='bbox 1737 1670 1802 1724; x_wconf 87' lang='lat' dir='ltr'>Cum</span> <span class='ocrx_word' id='word_1_456' title='bbox 1822 1670 1931 1724; x_wconf 82' lang='lat' dir='ltr'>sinisset</span> <span class='ocrx_word' id='word_1_457' title='bbox 1955 1689 2004 1724; x_wconf 85' lang='lat' dir='ltr'>an·</span> 
     </span>
    </p>
   </div>
   <div class='ocr_carea' id='block_1_11' title="bbox 1174 1752 2007 1823">
    <p class='ocr_par' dir='ltr' id='par_1_18' title="bbox 1174 1752 2007 1823">
     <span class='ocr_line' id='line_1_67' title="bbox 1174 1752 2007 1823; baseline 0.004 -17"><span class='ocrx_word' id='word_1_458' title='bbox 1174 1772 1234 1815; x_wconf 65' lang='lat' dir='ltr'>,nus</span> <span class='ocrx_word' id='word_1_459' title='bbox 1253 1755 1299 1805; x_wconf 82' lang='grc'>81.</span> <span class='ocrx_word' id='word_1_460' title='bbox 1317 1765 1448 1822; x_wconf 76' lang='lat' dir='ltr'>regnasset</span> <span class='ocrx_word' id='word_1_461' title='bbox 1466 1772 1549 1823; x_wconf 89' lang='lat' dir='ltr'>annqe</span> <span class='ocrx_word' id='word_1_462' title='bbox 1568 1756 1612 1805; x_wconf 76' lang='grc'>88.</span> <span class='ocrx_word' id='word_1_463' title='bbox 1632 1753 1766 1806; x_wconf 78' lang='lat' dir='ltr'>Cedrenns</span> <span class='ocrx_word' id='word_1_464' title='bbox 1784 1752 1827 1805; x_wconf 82' lang='lat' dir='ltr'>cit.</span> <span class='ocrx_word' id='word_1_465' title='bbox 1856 1754 1874 1804; x_wconf 85' lang='lat' dir='ltr'>l.</span> <span class='ocrx_word' id='word_1_466' title='bbox 1893 1755 2007 1809; x_wconf 72' lang='lat' dir='ltr'>utiense-</span> 
     </span>
    </p>
   </div>
   <div class='ocr_carea' id='block_1_12' title="bbox 1179 1827 2006 4505">
    <p class='ocr_par' dir='ltr' id='par_1_19' title="bbox 1179 1827 2006 2996">
     <span class='ocr_line' id='line_1_68' title="bbox 1179 1827 2006 1908; baseline 0.01 -23"><span class='ocrx_word' id='word_1_467' title='bbox 1179 1827 1233 1887; x_wconf 82' lang='lat' dir='ltr'>¹biii</span> <span class='ocrx_word' id='word_1_468' title='bbox 1254 1854 1314 1889; x_wconf 82' lang='lat' dir='ltr'>sero</span> <span class='ocrx_word' id='word_1_469' title='bbox 1334 1847 1419 1891; x_wconf 88' lang='lat' dir='ltr'>mnrtc</span> <span class='ocrx_word' id='word_1_470' title='bbox 1438 1839 1580 1908; x_wconf 84' lang='lat' dir='ltr'>praevertit</span> <span class='ocrx_word' id='word_1_471' title='bbox 1602 1855 1660 1890; x_wconf 90' lang='lat' dir='ltr'>eum</span> <span class='ocrx_word' id='word_1_472' title='bbox 1680 1835 1797 1889; x_wconf 79' lang='lat' dir='ltr'>Eudosie</span> <span class='ocrx_word' id='word_1_473' title='bbox 1810 1833 1936 1906; x_wconf 73' lang='lat' dir='ltr'>Angusta,</span> <span class='ocrx_word' id='word_1_474' title='bbox 1950 1837 2006 1894; x_wconf 83' lang='lat' dir='ltr'>iuc-</span> 
     </span>
     <span class='ocr_line' id='line_1_69' title="bbox 1184 1923 2002 1998; baseline 0.006 -23"><span class='ocrx_word' id='word_1_475' title='bbox 1184 1935 1232 1980; x_wconf 89' lang='lat' dir='ltr'>tna·</span> <span class='ocrx_word' id='word_1_476' title='bbox 1243 1927 1284 1978; x_wconf 90' lang='lat' dir='ltr'>sui</span> <span class='ocrx_word' id='word_1_477' title='bbox 1294 1963 1308 1990; x_wconf 87' lang='lat'>„</span> <span class='ocrx_word' id='word_1_478' title='bbox 1320 1943 1397 1996; x_wconf 88' lang='lat' dir='ltr'>quem</span> <span class='ocrx_word' id='word_1_479' title='bbox 1417 1927 1445 1978; x_wconf 89' lang='lat' dir='ltr'>in</span> <span class='ocrx_word' id='word_1_480' title='bbox 1464 1935 1542 1978; x_wconf 86' lang='lat' dir='ltr'>oleru</span> <span class='ocrx_word' id='word_1_481' title='bbox 1557 1925 1687 1994; x_wconf 76' lang='lat' dir='ltr'>gestabat,</span> <span class='ocrx_word' id='word_1_482' title='bbox 1706 1923 1901 1994; x_wconf 84' lang='lat' dir='ltr'>eomputrclacti</span> <span class='ocrx_word' id='word_1_483' title='bbox 1915 1929 2002 1998; x_wconf 85' lang='lat' dir='ltr'>sepni-</span> 
     </span>
     <span class='ocr_line' id='line_1_70' title="bbox 1183 2007 2004 2064; baseline 0.005 -4"><span class='ocrx_word' id='word_1_484' title='bbox 1183 2008 1275 2062; x_wconf 88' lang='lat' dir='ltr'>chrum</span> <span class='ocrx_word' id='word_1_485' title='bbox 1295 2011 1423 2062; x_wconf 76' lang='lat' dir='ltr'>existens.</span> <span class='ocrx_word' id='word_1_486' title='bbox 1442 2009 1570 2062; x_wconf 88' lang='lat' dir='ltr'>Cinserns</span> <span class='ocrx_word' id='word_1_487' title='bbox 1590 2009 1617 2060; x_wconf 87' lang='lat' dir='ltr'>in</span> <span class='ocrx_word' id='word_1_488' title='bbox 1636 2007 1749 2061; x_wconf 86' lang='lat' dir='ltr'>historia</span> <span class='ocrx_word' id='word_1_489' title='bbox 1766 2023 1816 2061; x_wconf 81' lang='lat' dir='ltr'>run</span> <span class='ocrx_word' id='word_1_490' title='bbox 1829 2009 1878 2062; x_wconf 79' lang='lat' dir='ltr'>aut</span> <span class='ocrx_word' id='word_1_491' title='bbox 1892 2011 1944 2063; x_wconf 81' lang='lat' dir='ltr'>tue</span> <span class='ocrx_word' id='word_1_492' title='bbox 1955 2010 2004 2064; x_wconf 86' lang='lat' dir='ltr'>ina-</span> 
     </span>
     <span class='ocr_line' id='line_1_71' title="bbox 1182 2093 2004 2164; baseline 0.004 -18"><span class='ocrx_word' id='word_1_493' title='bbox 1182 2103 1268 2156; x_wconf 71' lang='lat' dir='ltr'>perus·</span> <span class='ocrx_word' id='word_1_494' title='bbox 1281 2111 1347 2164; x_wconf 72' lang='lat' dir='ltr'>pag.</span> <span class='ocrx_word' id='word_1_495' title='bbox 1370 2095 1431 2148; x_wconf 84' lang='grc'><strong>857.</strong></span> <span class='ocrx_word' id='word_1_496' title='bbox 1450 2095 1548 2162; x_wconf 75' lang='lat' dir='ltr'>Georg.</span> <span class='ocrx_word' id='word_1_497' title='bbox 1567 2093 1700 2149; x_wconf 74' lang='lat' dir='ltr'>sedrcnns</span> <span class='ocrx_word' id='word_1_498' title='bbox 1717 2095 1763 2147; x_wconf 87' lang='lat' dir='ltr'>eit.</span> <span class='ocrx_word' id='word_1_499' title='bbox 1783 2094 1834 2148; x_wconf 87' lang='lat' dir='ltr'>loc.</span> <span class='ocrx_word' id='word_1_500' title='bbox 1857 2110 1917 2164; x_wconf 69' lang='lat' dir='ltr'>pag.</span> <span class='ocrx_word' id='word_1_501' title='bbox 1939 2097 2004 2150; x_wconf 70' lang='lat' dir='ltr'>stt.</span> 
     </span>
     <span class='ocr_line' id='line_1_72' title="bbox 1183 2177 2006 2246; baseline 0.009 -18"><span class='ocrx_word' id='word_1_502' title='bbox 1183 2177 1233 2228; x_wconf 85' lang='lat' dir='ltr'>lin.</span> <span class='ocrx_word' id='word_1_503' title='bbox 1254 2179 1299 2232; x_wconf 88' lang='grc'>50.</span> <span class='ocrx_word' id='word_1_504' title='bbox 1319 2180 1431 2232; x_wconf 83' lang='lat' dir='ltr'>Poenam</span> <span class='ocrx_word' id='word_1_505' title='bbox 1451 2179 1518 2230; x_wconf 87' lang='lat' dir='ltr'>beno</span> <span class='ocrx_word' id='word_1_506' title='bbox 1538 2177 1630 2230; x_wconf 90' lang='lat' dir='ltr'>delicti</span> <span class='ocrx_word' id='word_1_507' title='bbox 1650 2179 1690 2230; x_wconf 87' lang='lat' dir='ltr'>sui</span> <span class='ocrx_word' id='word_1_508' title='bbox 1711 2178 1841 2242; x_wconf 89' lang='lat' dir='ltr'>sentiens,</span> <span class='ocrx_word' id='word_1_509' title='bbox 1874 2195 1955 2246; x_wconf 84' lang='lat' dir='ltr'>cunt,</span> <span class='ocrx_word' id='word_1_510' title='bbox 1974 2192 2006 2236; x_wconf 76' lang='lat' dir='ltr'>ns</span> 
     </span>
     <span class='ocr_line' id='line_1_73' title="bbox 1184 2260 2003 2334; baseline 0.005 -20"><span class='ocrx_word' id='word_1_511' title='bbox 1184 2261 1386 2331; x_wconf 79' lang='lat' dir='ltr'>Chrysaslumue</span> <span class='ocrx_word' id='word_1_512' title='bbox 1404 2262 1433 2314; x_wconf 90' lang='lat' dir='ltr'>in</span> <span class='ocrx_word' id='word_1_513' title='bbox 1450 2260 1737 2334; x_wconf 60' lang='lat' dir='ltr'>exiliumtejiceretnr,</span> <span class='ocrx_word' id='word_1_514' title='bbox 1757 2261 1877 2331; x_wconf 88' lang='lat' dir='ltr'>precibus</span> <span class='ocrx_word' id='word_1_515' title='bbox 1895 2263 1951 2317; x_wconf 88' lang='lat' dir='ltr'>ruis</span> <span class='ocrx_word' id='word_1_516' title='bbox 1970 2283 2003 2318; x_wconf 85' lang='lat' dir='ltr'>ac</span> 
     </span>
     <span class='ocr_line' id='line_1_74' title="bbox 1184 2331 2005 2414; baseline 0.009 -20"><span class='ocrx_word' id='word_1_517' title='bbox 1184 2343 1375 2397; x_wconf 85' lang='lat' dir='ltr'>blandimentis</span> <span class='ocrx_word' id='word_1_518' title='bbox 1393 2331 1529 2410; x_wconf 51' lang='lat' dir='ltr'>effenc&#39;rite</span> <span class='ocrx_word' id='word_1_519' title='bbox 1547 2344 1731 2398; x_wconf 89' lang='lat' dir='ltr'>Theudoretns</span> <span class='ocrx_word' id='word_1_520' title='bbox 1749 2345 1794 2397; x_wconf 82' lang='lat' dir='ltr'>lib.</span> <span class='ocrx_word' id='word_1_521' title='bbox 1825 2345 1852 2398; x_wconf 93' lang='grc'>5.</span> <span class='ocrx_word' id='word_1_522' title='bbox 1875 2363 1932 2414; x_wconf 72' lang='lat' dir='ltr'>cap.</span> <span class='ocrx_word' id='word_1_523' title='bbox 1958 2347 2005 2402; x_wconf 84' lang='grc'>81.</span> 
     </span>
     <span class='ocr_line' id='line_1_75' title="bbox 1184 2423 2002 2500; baseline 0.011 -26"><span class='ocrx_word' id='word_1_524' title='bbox 1184 2423 1256 2500; x_wconf 85' lang='lat' dir='ltr'>iiiuc</span> <span class='ocrx_word' id='word_1_525' title='bbox 1274 2425 1332 2495; x_wconf 89' lang='lat' dir='ltr'>ipso</span> <span class='ocrx_word' id='word_1_526' title='bbox 1350 2425 1409 2490; x_wconf 89' lang='lat' dir='ltr'>die,</span> <span class='ocrx_word' id='word_1_527' title='bbox 1428 2445 1480 2498; x_wconf 89' lang='lat' dir='ltr'>quo</span> <span class='ocrx_word' id='word_1_528' title='bbox 1510 2429 1634 2496; x_wconf 82' lang='lat' dir='ltr'>expulsus</span> <span class='ocrx_word' id='word_1_529' title='bbox 1661 2427 1880 2500; x_wconf 51' lang='lat' dir='ltr'>§brysostcmnn</span> <span class='ocrx_word' id='word_1_530' title='bbox 1912 2429 2002 2500; x_wconf 76' lang='lat' dir='ltr'>ignem</span> 
     </span>
     <span class='ocr_line' id='line_1_76' title="bbox 1184 2507 2004 2580; baseline 0.012 -22"><span class='ocrx_word' id='word_1_531' title='bbox 1184 2507 1218 2559; x_wconf 91' lang='lat' dir='ltr'>de</span> <span class='ocrx_word' id='word_1_532' title='bbox 1236 2510 1307 2562; x_wconf 89' lang='lat' dir='ltr'>coeio</span> <span class='ocrx_word' id='word_1_533' title='bbox 1325 2508 1456 2563; x_wconf 86' lang='lat' dir='ltr'>decidisse</span> <span class='ocrx_word' id='word_1_534' title='bbox 1474 2519 1602 2562; x_wconf 83' lang='lat' dir='ltr'>memorat</span> <span class='ocrx_word' id='word_1_535' title='bbox 1620 2510 1789 2578; x_wconf 84' lang='lat' dir='ltr'>Nicephorus</span> <span class='ocrx_word' id='word_1_536' title='bbox 1813 2509 1861 2564; x_wconf 77' lang='lat' dir='ltr'>tit.</span> <span class='ocrx_word' id='word_1_537' title='bbox 1880 2513 1925 2564; x_wconf 84' lang='grc'>18.</span> <span class='ocrx_word' id='word_1_538' title='bbox 1942 2530 2004 2580; x_wconf 73' lang='lat' dir='ltr'>cup.</span> 
     </span>
     <span class='ocr_line' id='line_1_77' title="bbox 1184 2591 2003 2662; baseline 0.016 -22"><span class='ocrx_word' id='word_1_539' title='bbox 1184 2591 1228 2642; x_wconf 79' lang='lat'>21.</span> <span class='ocrx_word' id='word_1_540' title='bbox 1247 2591 1304 2643; x_wconf 91' lang='lat' dir='ltr'>imo</span> <span class='ocrx_word' id='word_1_541' title='bbox 1322 2602 1348 2645; x_wconf 92' lang='lat' dir='ltr'>et</span> <span class='ocrx_word' id='word_1_542' title='bbox 1367 2592 1458 2646; x_wconf 86' lang='lat' dir='ltr'>sudem</span> <span class='ocrx_word' id='word_1_543' title='bbox 1484 2611 1568 2658; x_wconf 91' lang='lat' dir='ltr'>annu,</span> <span class='ocrx_word' id='word_1_544' title='bbox 1591 2611 1642 2662; x_wconf 90' lang='lat' dir='ltr'>quu</span> <span class='ocrx_word' id='word_1_545' title='bbox 1666 2593 1786 2648; x_wconf 79' lang='lat' dir='ltr'>Eudoxio</span> <span class='ocrx_word' id='word_1_546' title='bbox 1813 2603 1915 2647; x_wconf 91' lang='lat' dir='ltr'>mortua</span> <span class='ocrx_word' id='word_1_547' title='bbox 1941 2608 2003 2662; x_wconf 86' lang='lat' dir='ltr'>est,</span> 
     </span>
     <span class='ocr_line' id='line_1_78' title="bbox 1184 2675 2004 2745; baseline 0.009 -20"><span class='ocrx_word' id='word_1_548' title='bbox 1184 2675 1255 2727; x_wconf 88' lang='lat' dir='ltr'>Deus</span> <span class='ocrx_word' id='word_1_549' title='bbox 1272 2676 1427 2745; x_wconf 69' lang='lat' dir='ltr'>grandinem</span> <span class='ocrx_word' id='word_1_550' title='bbox 1442 2676 1476 2728; x_wconf 89' lang='lat' dir='ltr'>dc</span> <span class='ocrx_word' id='word_1_551' title='bbox 1493 2677 1565 2730; x_wconf 90' lang='lat' dir='ltr'>coelo</span> <span class='ocrx_word' id='word_1_552' title='bbox 1578 2677 1688 2729; x_wconf 77' lang='lat' dir='ltr'>demisit</span> <span class='ocrx_word' id='word_1_553' title='bbox 1701 2677 1883 2745; x_wconf 70' lang='lat' dir='ltr'>mugnitudine</span> <span class='ocrx_word' id='word_1_554' title='bbox 1895 2696 2004 2736; x_wconf 74' lang='lat' dir='ltr'>numm.</span> 
     </span>
     <span class='ocr_line' id='line_1_79' title="bbox 1183 2747 2003 2829; baseline 0.007 -18"><span class='ocrx_word' id='word_1_555' title='bbox 1183 2755 1237 2812; x_wconf 90' lang='lat' dir='ltr'>rid.</span> <span class='ocrx_word' id='word_1_556' title='bbox 1255 2757 1411 2812; x_wconf 78' lang='lat' dir='ltr'>chronicon.</span> <span class='ocrx_word' id='word_1_557' title='bbox 1428 2759 1629 2811; x_wconf 80' lang='lat' dir='ltr'>alexandrinum</span> <span class='ocrx_word' id='word_1_558' title='bbox 1646 2777 1675 2829; x_wconf 83' lang='lat' dir='ltr'>p.</span> <span class='ocrx_word' id='word_1_559' title='bbox 1693 2747 1756 2810; x_wconf 71' lang='grc' dir='ltr'>Ι815.</span> <span class='ocrx_word' id='word_1_560' title='bbox 1781 2757 1851 2811; x_wconf 86' lang='lat' dir='ltr'>coni.</span> <span class='ocrx_word' id='word_1_561' title='bbox 1869 2760 1903 2813; x_wconf 88' lang='lat' dir='ltr'>de</span> <span class='ocrx_word' id='word_1_562' title='bbox 1928 2749 2003 2818; x_wconf 78' lang='lat' dir='ltr'>hisce</span> 
     </span>
     <span class='ocr_line' id='line_1_80' title="bbox 1183 2841 2002 2920; baseline 0.012 -27"><span class='ocrx_word' id='word_1_563' title='bbox 1183 2841 1314 2910; x_wconf 79' lang='lat' dir='ltr'>prolixius</span> <span class='ocrx_word' id='word_1_564' title='bbox 1322 2841 1480 2911; x_wconf 82' lang='lat' dir='ltr'>Spoudaoua</span> <span class='ocrx_word' id='word_1_565' title='bbox 1491 2843 1519 2896; x_wconf 86' lang='lat' dir='ltr'>iu</span> <span class='ocrx_word' id='word_1_566' title='bbox 1531 2842 1625 2896; x_wconf 84' lang='lat' dir='ltr'>nuuul.</span> <span class='ocrx_word' id='word_1_567' title='bbox 1637 2842 1726 2896; x_wconf 84' lang='lat' dir='ltr'>eccles.</span> <span class='ocrx_word' id='word_1_568' title='bbox 1741 2841 1780 2897; x_wconf 82' lang='lat' dir='ltr'>cd</span> <span class='ocrx_word' id='word_1_569' title='bbox 1790 2859 1816 2896; x_wconf 87' lang='grc' dir='ltr'><strong>ο.</strong></span> <span class='ocrx_word' id='word_1_570' title='bbox 1828 2861 1852 2899; x_wconf 87' lang='lat' dir='ltr'>c.</span> <span class='ocrx_word' id='word_1_571' title='bbox 1865 2843 1927 2901; x_wconf 85' lang='grc'><strong>181.</strong></span> <span class='ocrx_word' id='word_1_572' title='bbox 1934 2867 2002 2920; x_wconf 75' lang='lat' dir='ltr'>pag.</span> 
     </span>
     <span class='ocr_line' id='line_1_81' title="bbox 1183 2923 1569 2996; baseline 0 -20"><span class='ocrx_word' id='word_1_573' title='bbox 1183 2941 1218 2982; x_wconf 88' lang='lat' dir='ltr'>m,</span> <span class='ocrx_word' id='word_1_574' title='bbox 1233 2923 1295 2976; x_wconf 83' lang='grc'><strong>158.</strong></span> <span class='ocrx_word' id='word_1_575' title='bbox 1310 2934 1335 2978; x_wconf 84' lang='lat' dir='ltr'>et</span> <span class='ocrx_word' id='word_1_576' title='bbox 1350 2923 1424 2992; x_wconf 78' lang='lat' dir='ltr'>plur·</span> <span class='ocrx_word' id='word_1_577' title='bbox 1437 2942 1509 2996; x_wconf 74' lang='lat' dir='ltr'>seqq.</span> <span class='ocrx_word' id='word_1_578' title='bbox 1566 2968 1569 2976; x_wconf 95' lang='lat'>.</span> 
     </span>
    </p>

    <p class='ocr_par' dir='ltr' id='par_1_20' title="bbox 1182 3007 2006 4505">
     <span class='ocr_line' id='line_1_82' title="bbox 1220 3007 2003 3080; baseline 0.015 -21"><span class='ocrx_word' id='word_1_579' title='bbox 1220 3015 1241 3069; x_wconf 80' lang='lat'>§-</span> <span class='ocrx_word' id='word_1_580' title='bbox 1269 3009 1295 3060; x_wconf 94' lang='grc'>8.</span> <span class='ocrx_word' id='word_1_581' title='bbox 1327 3007 1457 3060; x_wconf 86' lang='lat' dir='ltr'>Ducimur</span> <span class='ocrx_word' id='word_1_582' title='bbox 1489 3009 1540 3073; x_wconf 78' lang='lat' dir='ltr'>jam</span> <span class='ocrx_word' id='word_1_583' title='bbox 1570 3007 1602 3062; x_wconf 91' lang='lat' dir='ltr'>ad</span> <span class='ocrx_word' id='word_1_584' title='bbox 1620 3007 1763 3064; x_wconf 86' lang='lat' dir='ltr'>secundum</span> <span class='ocrx_word' id='word_1_585' title='bbox 1788 3008 2003 3080; x_wconf 65' lang='lat' dir='ltr'>imperaturam,</span> 
     </span>
     <span class='ocr_line' id='line_1_83' title="bbox 1184 3089 2004 3163; baseline 0.015 -23"><span class='ocrx_word' id='word_1_586' title='bbox 1184 3093 1258 3159; x_wconf 76' lang='lat' dir='ltr'>cujus</span> <span class='ocrx_word' id='word_1_587' title='bbox 1278 3091 1398 3144; x_wconf 84' lang='lat' dir='ltr'>meminit</span> <span class='ocrx_word' id='word_1_588' title='bbox 1415 3090 1482 3160; x_wconf 75' lang='lat' dir='ltr'>iugis</span> <span class='ocrx_word' id='word_1_589' title='bbox 1501 3101 1603 3145; x_wconf 91' lang='lat' dir='ltr'>nustrae</span> <span class='ocrx_word' id='word_1_590' title='bbox 1621 3089 1774 3163; x_wconf 84' lang='lat' dir='ltr'>inscriptio,</span> <span class='ocrx_word' id='word_1_591' title='bbox 1788 3097 1833 3148; x_wconf 89' lang='lat' dir='ltr'>cui</span> <span class='ocrx_word' id='word_1_592' title='bbox 1852 3113 1948 3150; x_wconf 85' lang='lat' dir='ltr'>numen</span> <span class='ocrx_word' id='word_1_593' title='bbox 1961 3111 2004 3153; x_wconf 85' lang='lat' dir='ltr'>eet</span> 
     </span>
     <span class='ocr_line' id='line_1_84' title="bbox 1182 3169 2004 3250; baseline 0.016 -27"><span class='ocrx_word' id='word_1_594' title='bbox 1182 3173 1332 3238; x_wconf 69' lang='lat' dir='ltr'>flonurinse</span> <span class='ocrx_word' id='word_1_595' title='bbox 1352 3169 1430 3226; x_wconf 85' lang='lat' dir='ltr'>irater</span> <span class='ocrx_word' id='word_1_596' title='bbox 1448 3174 1471 3225; x_wconf 89' lang='lat' dir='ltr'>is</span> <span class='ocrx_word' id='word_1_597' title='bbox 1489 3172 1541 3226; x_wconf 88' lang='lat' dir='ltr'>init</span> <span class='ocrx_word' id='word_1_598' title='bbox 1560 3173 1680 3240; x_wconf 78' lang='lat' dir='ltr'>Arcadii,</span> <span class='ocrx_word' id='word_1_599' title='bbox 1700 3194 1752 3230; x_wconf 83' lang='lat' dir='ltr'>non</span> <span class='ocrx_word' id='word_1_600' title='bbox 1772 3177 1870 3231; x_wconf 89' lang='lat' dir='ltr'>minori</span> <span class='ocrx_word' id='word_1_601' title='bbox 1900 3199 2004 3250; x_wconf 79' lang='lat' dir='ltr'>quoquc</span> 
     </span>
     <span class='ocr_line' id='line_1_85' title="bbox 1183 3255 2005 3332; baseline 0.012 -22"><span class='ocrx_word' id='word_1_602' title='bbox 1183 3256 1434 3325; x_wconf 70' lang='lat' dir='ltr'>encomio‘digunee</span> <span class='ocrx_word' id='word_1_603' title='bbox 1452 3255 1547 3310; x_wconf 89' lang='lat' dir='ltr'>iisdem</span> <span class='ocrx_word' id='word_1_604' title='bbox 1567 3274 1679 3328; x_wconf 83' lang='lat' dir='ltr'>namque</span> <span class='ocrx_word' id='word_1_605' title='bbox 1696 3277 1754 3313; x_wconf 89' lang='lat' dir='ltr'>cnm</span> <span class='ocrx_word' id='word_1_606' title='bbox 1769 3275 1840 3332; x_wconf 85' lang='lat' dir='ltr'>patre</span> <span class='ocrx_word' id='word_1_607' title='bbox 1852 3263 2005 3319; x_wconf 83' lang='lat' dir='ltr'>Theudosia</span> 
     </span>
     <span class='ocr_line' id='line_1_86' title="bbox 1183 3339 2004 3410; baseline 0.015 -20"><span class='ocrx_word' id='word_1_608' title='bbox 1183 3357 1219 3392; x_wconf 91' lang='lat' dir='ltr'>m.</span> <span class='ocrx_word' id='word_1_609' title='bbox 1239 3339 1357 3392; x_wconf 87' lang='lat' dir='ltr'>moribus</span> <span class='ocrx_word' id='word_1_610' title='bbox 1376 3339 1536 3410; x_wconf 85' lang='lat' dir='ltr'>eandemque</span> <span class='ocrx_word' id='word_1_611' title='bbox 1563 3340 1647 3394; x_wconf 77' lang='lat' dir='ltr'>forma</span> <span class='ocrx_word' id='word_1_612' title='bbox 1668 3340 1751 3397; x_wconf 88' lang='lat' dir='ltr'>inisse</span> <span class='ocrx_word' id='word_1_613' title='bbox 1768 3363 1845 3410; x_wconf 87' lang='lat' dir='ltr'>eum,</span> <span class='ocrx_word' id='word_1_614' title='bbox 1861 3347 2004 3404; x_wconf 87' lang='lat' dir='ltr'>historico·</span> 
     </span>
     <span class='ocr_line' id='line_1_87' title="bbox 1184 3422 2006 3492; baseline 0.011 -17"><span class='ocrx_word' id='word_1_615' title='bbox 1184 3440 1243 3475; x_wconf 89' lang='lat' dir='ltr'>rum</span> <span class='ocrx_word' id='word_1_616' title='bbox 1264 3432 1432 3476; x_wconf 85' lang='lat' dir='ltr'>monumenta</span> <span class='ocrx_word' id='word_1_617' title='bbox 1451 3423 1549 3492; x_wconf 89' lang='lat' dir='ltr'>passim</span> <span class='ocrx_word' id='word_1_618' title='bbox 1576 3422 1678 3476; x_wconf 86' lang='lat' dir='ltr'>ducent.</span> <span class='ocrx_word' id='word_1_619' title='bbox 1711 3426 1783 3480; x_wconf 82' lang='lat' dir='ltr'>iiiuc</span> <span class='ocrx_word' id='word_1_620' title='bbox 1811 3438 1884 3485; x_wconf 86' lang='lat' dir='ltr'>tantu</span> <span class='ocrx_word' id='word_1_621' title='bbox 1912 3449 2006 3488; x_wconf 87' lang='lat' dir='ltr'>amore</span> 
     </span>
     <span class='ocr_line' id='line_1_88' title="bbox 1183 3508 1996 3582; baseline 0.012 -21"><span class='ocrx_word' id='word_1_622' title='bbox 1183 3525 1244 3577; x_wconf 80' lang='lat' dir='ltr'>erga</span> <span class='ocrx_word' id='word_1_623' title='bbox 1265 3508 1339 3562; x_wconf 88' lang='lat' dir='ltr'>iilum</span> <span class='ocrx_word' id='word_1_624' title='bbox 1360 3519 1470 3562; x_wconf 90' lang='lat' dir='ltr'>tractum</span> <span class='ocrx_word' id='word_1_625' title='bbox 1488 3525 1545 3562; x_wconf 83' lang='lat' dir='ltr'>esse</span> <span class='ocrx_word' id='word_1_626' title='bbox 1563 3522 1677 3579; x_wconf 87' lang='lat' dir='ltr'>patrem,</span> <span class='ocrx_word' id='word_1_627' title='bbox 1695 3524 1723 3564; x_wconf 91' lang='lat' dir='ltr'>nt</span> <span class='ocrx_word' id='word_1_628' title='bbox 1742 3513 1832 3582; x_wconf 85' lang='lat' dir='ltr'>ipsum</span> <span class='ocrx_word' id='word_1_629' title='bbox 1858 3515 1996 3571; x_wconf 85' lang='lat' dir='ltr'>intersere</span> 
     </span>
     <span class='ocr_line' id='line_1_89' title="bbox 1183 3593 1998 3664; baseline 0.017 -22"><span class='ocrx_word' id='word_1_630' title='bbox 1183 3593 1268 3647; x_wconf 89' lang='lat' dir='ltr'>adhuc</span> <span class='ocrx_word' id='word_1_631' title='bbox 1296 3603 1381 3646; x_wconf 83' lang='lat' dir='ltr'>estete</span> <span class='ocrx_word' id='word_1_632' title='bbox 1411 3593 1537 3661; x_wconf 75' lang='lat' dir='ltr'>collegam</span> <span class='ocrx_word' id='word_1_633' title='bbox 1561 3593 1669 3664; x_wconf 87' lang='lat' dir='ltr'>imperii</span> <span class='ocrx_word' id='word_1_634' title='bbox 1694 3593 1805 3662; x_wconf 76' lang='lat' dir='ltr'>iecerit,</span> <span class='ocrx_word' id='word_1_635' title='bbox 1827 3597 1919 3652; x_wconf 86' lang='lat' dir='ltr'>sudem</span> <span class='ocrx_word' id='word_1_636' title='bbox 1937 3618 1998 3656; x_wconf 89' lang='lat' dir='ltr'>cum</span> 
     </span>
     <span class='ocr_line' id='line_1_90' title="bbox 1185 3674 2004 3756; baseline 0.013 -28"><span class='ocrx_word' id='word_1_637' title='bbox 1185 3674 1268 3729; x_wconf 77' lang='lat' dir='ltr'>fratrc</span> <span class='ocrx_word' id='word_1_638' title='bbox 1289 3675 1545 3747; x_wconf 76' lang='lat' dir='ltr'>Arcadintemporc,</span> <span class='ocrx_word' id='word_1_639' title='bbox 1565 3689 1655 3732; x_wconf 79' lang='lat' dir='ltr'>censes</span> <span class='ocrx_word' id='word_1_640' title='bbox 1671 3679 1732 3734; x_wconf 78' lang='lat' dir='ltr'>inb.</span> <span class='ocrx_word' id='word_1_641' title='bbox 1751 3683 1874 3737; x_wconf 76' lang='lat' dir='ltr'>dunsten.</span> <span class='ocrx_word' id='word_1_642' title='bbox 1900 3683 1929 3734; x_wconf 91' lang='lat' dir='ltr'>in</span> <span class='ocrx_word' id='word_1_643' title='bbox 1953 3703 2004 3756; x_wconf 80' lang='lat' dir='ltr'>pn·</span> 
     </span>
     <span class='ocr_line' id='line_1_91' title="bbox 1185 3757 1999 3832; baseline 0.016 -21"><span class='ocrx_word' id='word_1_644' title='bbox 1185 3759 1307 3828; x_wconf 72' lang='lat' dir='ltr'>irhr&#39;stcr.</span> <span class='ocrx_word' id='word_1_645' title='bbox 1324 3760 1373 3813; x_wconf 83' lang='lat' dir='ltr'>sud</span> <span class='ocrx_word' id='word_1_646' title='bbox 1393 3757 1461 3813; x_wconf 83' lang='lat' dir='ltr'>leisce</span> <span class='ocrx_word' id='word_1_647' title='bbox 1480 3759 1604 3826; x_wconf 81' lang='lat' dir='ltr'>imperor.</span> <span class='ocrx_word' id='word_1_648' title='bbox 1623 3781 1638 3815; x_wconf 91' lang='lat' dir='ltr'>a</span> <span class='ocrx_word' id='word_1_649' title='bbox 1656 3780 1707 3832; x_wconf 92' lang='lat' dir='ltr'>quo</span> <span class='ocrx_word' id='word_1_650' title='bbox 1734 3774 1820 3819; x_wconf 84' lang='lat' dir='ltr'>tamen</span> <span class='ocrx_word' id='word_1_651' title='bbox 1852 3765 1999 3824; x_wconf 78' lang='lat' dir='ltr'>disortium</span> 
     </span>
     <span class='ocr_line' id='line_1_92' title="bbox 1184 3839 2004 3923; baseline 0.017 -31"><span class='ocrx_word' id='word_1_652' title='bbox 1184 3840 1252 3896; x_wconf 80' lang='lat' dir='ltr'>t&#39;acil</span> <span class='ocrx_word' id='word_1_653' title='bbox 1269 3841 1330 3896; x_wconf 74' lang='lat' dir='ltr'>tete.</span> <span class='ocrx_word' id='word_1_654' title='bbox 1349 3839 1463 3916; x_wconf 70' lang='lat' dir='ltr'>Wuili&#39;g.</span> <span class='ocrx_word' id='word_1_655' title='bbox 1480 3842 1654 3914; x_wconf 77' lang='lat' dir='ltr'>Freymnnius</span> <span class='ocrx_word' id='word_1_656' title='bbox 1667 3847 1696 3900; x_wconf 85' lang='lat' dir='ltr'>iu</span> <span class='ocrx_word' id='word_1_657' title='bbox 1707 3850 1848 3918; x_wconf 71' lang='lat' dir='ltr'>synaphen.</span> <span class='ocrx_word' id='word_1_658' title='bbox 1854 3850 1913 3923; x_wconf 79' lang='lat' dir='ltr'>jur.</span> <span class='ocrx_word' id='word_1_659' title='bbox 1923 3852 2004 3906; x_wconf 79' lang='lat' dir='ltr'>clem·</span> 
     </span>
     <span class='ocr_line' id='line_1_93' title="bbox 1186 3927 2004 4001; baseline 0.011 -23"><span class='ocrx_word' id='word_1_660' title='bbox 1186 3927 1241 3980; x_wconf 87' lang='lat' dir='ltr'>nol.</span> <span class='ocrx_word' id='word_1_661' title='bbox 1260 3927 1305 3981; x_wconf 89' lang='lat' dir='ltr'>ubi</span> <span class='ocrx_word' id='word_1_662' title='bbox 1320 3947 1347 3999; x_wconf 82' lang='lat' dir='ltr'>p.</span> <span class='ocrx_word' id='word_1_663' title='bbox 1365 3927 1430 3980; x_wconf 80' lang='grc'><strong>888.</strong></span> <span class='ocrx_word' id='word_1_664' title='bbox 1447 3943 1516 3980; x_wconf 90' lang='lat' dir='ltr'>annu</span> <span class='ocrx_word' id='word_1_665' title='bbox 1536 3927 1596 3980; x_wconf 87' lang='grc'><strong>888.</strong></span> <span class='ocrx_word' id='word_1_666' title='bbox 1615 3944 1666 3982; x_wconf 90' lang='lat' dir='ltr'>sec.</span> <span class='ocrx_word' id='word_1_667' title='bbox 1690 3939 1777 4001; x_wconf 82' lang='lat' dir='ltr'>comp.</span> <span class='ocrx_word' id='word_1_668' title='bbox 1806 3932 1895 3985; x_wconf 88' lang='lat' dir='ltr'>Contii</span> <span class='ocrx_word' id='word_1_669' title='bbox 1925 3934 2004 3987; x_wconf 73' lang='lat' dir='ltr'>Arca·</span> 
     </span>
     <span class='ocr_line' id='line_1_94' title="bbox 1186 4009 2003 4085; baseline 0.016 -26"><span class='ocrx_word' id='word_1_670' title='bbox 1186 4009 1258 4064; x_wconf 88' lang='lat' dir='ltr'>dium</span> <span class='ocrx_word' id='word_1_671' title='bbox 1277 4013 1330 4080; x_wconf 84' lang='lat' dir='ltr'>jam</span> <span class='ocrx_word' id='word_1_672' title='bbox 1350 4021 1406 4063; x_wconf 86' lang='lat' dir='ltr'>tum</span> <span class='ocrx_word' id='word_1_673' title='bbox 1426 4009 1453 4062; x_wconf 91' lang='lat' dir='ltr'>in</span> <span class='ocrx_word' id='word_1_674' title='bbox 1472 4011 1598 4080; x_wconf 79' lang='lat' dir='ltr'>collegam</span> <span class='ocrx_word' id='word_1_675' title='bbox 1618 4011 1726 4083; x_wconf 87' lang='lat' dir='ltr'>imperii</span> <span class='ocrx_word' id='word_1_676' title='bbox 1752 4027 1913 4085; x_wconf 86' lang='lat' dir='ltr'>assumptum</span> <span class='ocrx_word' id='word_1_677' title='bbox 1932 4034 2003 4072; x_wconf 83' lang='lat' dir='ltr'>esse·</span> 
     </span>
     <span class='ocr_line' id='line_1_95' title="bbox 1188 4085 2003 4166; baseline 0.013 -21"><span class='ocrx_word' id='word_1_678' title='bbox 1188 4095 1231 4145; x_wconf 87' lang='lat' dir='ltr'>rit.</span> <span class='ocrx_word' id='word_1_679' title='bbox 1250 4103 1276 4146; x_wconf 91' lang='lat' dir='ltr'>et</span> <span class='ocrx_word' id='word_1_680' title='bbox 1292 4112 1319 4158; x_wconf 78' lang='lat' dir='ltr'>p.</span> <span class='ocrx_word' id='word_1_681' title='bbox 1336 4093 1401 4145; x_wconf 88' lang='grc'><strong>811.</strong></span> <span class='ocrx_word' id='word_1_682' title='bbox 1419 4111 1488 4146; x_wconf 90' lang='lat' dir='ltr'>annu</span> <span class='ocrx_word' id='word_1_683' title='bbox 1514 4094 1620 4146; x_wconf 87' lang='lat' dir='ltr'>demum</span> <span class='ocrx_word' id='word_1_684' title='bbox 1644 4097 1706 4166; x_wconf 78' lang='grc'><strong>888.</strong></span> <span class='ocrx_word' id='word_1_685' title='bbox 1719 4085 1856 4151; x_wconf 70' lang='lat' dir='ltr'>&#39;Tbcodua</span> <span class='ocrx_word' id='word_1_686' title='bbox 1874 4117 1889 4150; x_wconf 91' lang='lat' dir='ltr'>a</span> <span class='ocrx_word' id='word_1_687' title='bbox 1910 4100 1956 4155; x_wconf 92' lang='lat' dir='ltr'>iii.</span> <span class='ocrx_word' id='word_1_688' title='bbox 1975 4112 2003 4156; x_wconf 87' lang='lat' dir='ltr'>et</span> 
     </span>
     <span class='ocr_line' id='line_1_96' title="bbox 1186 4175 2002 4252; baseline 0.013 -25"><span class='ocrx_word' id='word_1_689' title='bbox 1186 4175 1226 4228; x_wconf 80' lang='grc' dir='ltr'><strong>ΕΙ.</strong></span> <span class='ocrx_word' id='word_1_690' title='bbox 1246 4175 1435 4229; x_wconf 80' lang='grc' dir='ltr'><strong>ΗιΙιιιοιΙιιιιίο</strong></span> <span class='ocrx_word' id='word_1_691' title='bbox 1452 4193 1519 4252; x_wconf 77' lang='grc' dir='ltr'><strong>οοιι.</strong></span> <span class='ocrx_word' id='word_1_692' title='bbox 1537 4177 1689 4230; x_wconf 86' lang='lat' dir='ltr'>lionorium</span> <span class='ocrx_word' id='word_1_693' title='bbox 1708 4181 1934 4252; x_wconf 84' lang='lat' dir='ltr'>constantinopoli</span> <span class='ocrx_word' id='word_1_694' title='bbox 1952 4184 2002 4238; x_wconf 84' lang='lat' dir='ltr'>hu·</span> 
     </span>
     <span class='ocr_line' id='line_1_97' title="bbox 1186 4258 2002 4332; baseline 0.012 -22"><span class='ocrx_word' id='word_1_695' title='bbox 1186 4269 1290 4329; x_wconf 73' lang='lat' dir='ltr'>gustum</span> <span class='ocrx_word' id='word_1_696' title='bbox 1309 4262 1466 4330; x_wconf 78' lang='lat' dir='ltr'>appeliatum</span> <span class='ocrx_word' id='word_1_697' title='bbox 1487 4258 1571 4312; x_wconf 78' lang='lat' dir='ltr'>tuisse</span> <span class='ocrx_word' id='word_1_698' title='bbox 1589 4262 1690 4314; x_wconf 88' lang='lat' dir='ltr'>statuit.</span> <span class='ocrx_word' id='word_1_699' title='bbox 1706 4261 1754 4314; x_wconf 85' lang='lat' dir='ltr'>cut</span> <span class='ocrx_word' id='word_1_700' title='bbox 1773 4263 1915 4332; x_wconf 80' lang='lat' dir='ltr'>opinioni,</span> <span class='ocrx_word' id='word_1_701' title='bbox 1942 4282 2002 4320; x_wconf 87' lang='lat' dir='ltr'>cutte</span> 
     </span>
     <span class='ocr_line' id='line_1_98' title="bbox 1187 4341 2003 4414; baseline 0.005 -19"><span class='ocrx_word' id='word_1_702' title='bbox 1187 4345 1232 4395; x_wconf 89' lang='lat' dir='ltr'>illa</span> <span class='ocrx_word' id='word_1_703' title='bbox 1262 4342 1295 4395; x_wconf 87' lang='lat' dir='ltr'>ad</span> <span class='ocrx_word' id='word_1_704' title='bbox 1326 4341 1496 4412; x_wconf 82' lang='lat' dir='ltr'>explicandos</span> <span class='ocrx_word' id='word_1_705' title='bbox 1515 4350 1603 4396; x_wconf 86' lang='lat' dir='ltr'>textus</span> <span class='ocrx_word' id='word_1_706' title='bbox 1632 4343 1899 4414; x_wconf 28' lang='lat' dir='ltr'>pirrrimnmulauiat,</span> <span class='ocrx_word' id='word_1_707' title='bbox 1924 4345 2003 4407; x_wconf 80' lang='lat' dir='ltr'>ianile</span> 
     </span>
     <span class='ocr_line' id='line_1_99' title="bbox 1187 4423 2002 4505; baseline 0.007 -25"><span class='ocrx_word' id='word_1_708' title='bbox 1187 4426 1265 4480; x_wconf 84' lang='lat' dir='ltr'>etiarn</span> <span class='ocrx_word' id='word_1_709' title='bbox 1285 4425 1431 4480; x_wconf 87' lang='lat' dir='ltr'>subscribo.</span> <span class='ocrx_word' id='word_1_710' title='bbox 1450 4423 1504 4478; x_wconf 85' lang='lat' dir='ltr'>Nec</span> <span class='ocrx_word' id='word_1_711' title='bbox 1522 4428 1591 4478; x_wconf 88' lang='lat' dir='ltr'>male</span> <span class='ocrx_word' id='word_1_712' title='bbox 1604 4426 1719 4500; x_wconf 76' lang='lat' dir='ltr'>praefuit</span> <span class='ocrx_word' id='word_1_713' title='bbox 1733 4427 1846 4498; x_wconf 89' lang='lat' dir='ltr'>imperio</span> <span class='ocrx_word' id='word_1_714' title='bbox 1858 4431 2002 4505; x_wconf 78' lang='lat' dir='ltr'>Honorius,</span> 
     </span>
    </p>
   </div>
   <div class='ocr_carea' id='block_1_13' title="bbox 321 4504 2004 5578">
    <p class='ocr_par' dir='ltr' id='par_1_21' title="bbox 321 4504 2004 4835">
     <span class='ocr_line' id='line_1_100' title="bbox 323 4504 2002 4581; baseline 0.001 -17"><span class='ocrx_word' id='word_1_715' title='bbox 323 4507 344 4564; x_wconf 90' lang='lat' dir='ltr'>ti</span> <span class='ocrx_word' id='word_1_716' title='bbox 362 4509 538 4580; x_wconf 82' lang='lat' dir='ltr'>suscepimus,</span> <span class='ocrx_word' id='word_1_717' title='bbox 555 4517 669 4561; x_wconf 86' lang='lat' dir='ltr'>auctores</span> <span class='ocrx_word' id='word_1_718' title='bbox 686 4522 750 4574; x_wconf 88' lang='lat' dir='ltr'>prac</span> <span class='ocrx_word' id='word_1_719' title='bbox 767 4523 795 4559; x_wconf 86' lang='lat' dir='ltr'>se</span> <span class='ocrx_word' id='word_1_720' title='bbox 813 4504 862 4557; x_wconf 83' lang='lat' dir='ltr'>iert</span> <span class='ocrx_word' id='word_1_721' title='bbox 873 4504 1032 4570; x_wconf 81' lang='lat' dir='ltr'>Arcadium,</span> <span class='ocrx_word' id='word_1_722' title='bbox 1044 4511 1138 4562; x_wconf 84' lang='lat' dir='ltr'>Hunc·</span> <span class='ocrx_word' id='word_1_723' title='bbox 1187 4528 1275 4564; x_wconf 90' lang='lat' dir='ltr'>rerum</span> <span class='ocrx_word' id='word_1_724' title='bbox 1297 4510 1439 4581; x_wconf 86' lang='lat' dir='ltr'>prodentia</span> <span class='ocrx_word' id='word_1_725' title='bbox 1458 4527 1502 4564; x_wconf 91' lang='lat' dir='ltr'>sua</span> <span class='ocrx_word' id='word_1_726' title='bbox 1522 4510 1689 4579; x_wconf 74' lang='lat' dir='ltr'>gubernandi</span> <span class='ocrx_word' id='word_1_727' title='bbox 1707 4513 1826 4564; x_wconf 87' lang='lat' dir='ltr'>omnium</span> <span class='ocrx_word' id='word_1_728' title='bbox 1846 4510 1924 4569; x_wconf 75' lang='lat' dir='ltr'>facile</span> <span class='ocrx_word' id='word_1_729' title='bbox 1948 4517 2002 4569; x_wconf 82' lang='lat' dir='ltr'>eibi</span> 
     </span>
     <span class='ocr_line' id='line_1_101' title="bbox 327 4587 2004 4674; baseline 0.004 -30"><span class='ocrx_word' id='word_1_730' title='bbox 327 4591 398 4645; x_wconf 86' lang='lat' dir='ltr'>rium</span> <span class='ocrx_word' id='word_1_731' title='bbox 410 4604 435 4644; x_wconf 87' lang='lat' dir='ltr'>et</span> <span class='ocrx_word' id='word_1_732' title='bbox 453 4591 644 4645; x_wconf 74' lang='lat' dir='ltr'>iirecdnsr&#39;nm.</span> <span class='ocrx_word' id='word_1_733' title='bbox 663 4591 703 4643; x_wconf 85' lang='lat' dir='ltr'>De</span> <span class='ocrx_word' id='word_1_734' title='bbox 722 4589 836 4658; x_wconf 70' lang='lat' dir='ltr'>singuiis</span> <span class='ocrx_word' id='word_1_735' title='bbox 853 4587 980 4660; x_wconf 86' lang='lat' dir='ltr'>quaedam</span> <span class='ocrx_word' id='word_1_736' title='bbox 999 4591 1083 4660; x_wconf 87' lang='lat' dir='ltr'>quoad</span> <span class='ocrx_word' id='word_1_737' title='bbox 1099 4609 1138 4644; x_wconf 93' lang='lat' dir='ltr'>ec·</span> <span class='ocrx_word' id='word_1_738' title='bbox 1187 4595 1338 4650; x_wconf 82' lang='lat' dir='ltr'>conciliavit</span> <span class='ocrx_word' id='word_1_739' title='bbox 1356 4609 1480 4648; x_wconf 87' lang='lat' dir='ltr'>amorem.</span> <span class='ocrx_word' id='word_1_740' title='bbox 1499 4593 1576 4646; x_wconf 88' lang='lat' dir='ltr'>inter</span> <span class='ocrx_word' id='word_1_741' title='bbox 1593 4594 1677 4648; x_wconf 88' lang='lat' dir='ltr'>sarias</span> <span class='ocrx_word' id='word_1_742' title='bbox 1695 4613 1725 4646; x_wconf 88' lang='lat' dir='ltr'>ec</span> <span class='ocrx_word' id='word_1_743' title='bbox 1743 4595 1928 4650; x_wconf 84' lang='lat' dir='ltr'>saluberrimas</span> <span class='ocrx_word' id='word_1_744' title='bbox 1945 4602 2004 4674; x_wconf 67' lang='lat' dir='ltr'>ejup</span> 
     </span>
     <span class='ocr_line' id='line_1_102' title="bbox 321 4671 2002 4750; baseline 0.003 -22"><span class='ocrx_word' id='word_1_745' title='bbox 321 4692 380 4728; x_wconf 90' lang='lat' dir='ltr'>rum</span> <span class='ocrx_word' id='word_1_746' title='bbox 400 4675 499 4742; x_wconf 86' lang='lat' dir='ltr'>sitam,</span> <span class='ocrx_word' id='word_1_747' title='bbox 518 4675 634 4744; x_wconf 76' lang='lat' dir='ltr'>regimen</span> <span class='ocrx_word' id='word_1_748' title='bbox 653 4681 679 4726; x_wconf 83' lang='lat' dir='ltr'>el</span> <span class='ocrx_word' id='word_1_749' title='bbox 697 4673 890 4741; x_wconf 78' lang='lat' dir='ltr'>legislationem</span> <span class='ocrx_word' id='word_1_750' title='bbox 923 4671 968 4724; x_wconf 89' lang='lat' dir='ltr'>bic</span> <span class='ocrx_word' id='word_1_751' title='bbox 996 4673 1139 4730; x_wconf 71' lang='lat' dir='ltr'>adduxisse</span> <span class='ocrx_word' id='word_1_752' title='bbox 1187 4674 1390 4732; x_wconf 77' lang='lat' dir='ltr'>cunctivaiioues</span> <span class='ocrx_word' id='word_1_753' title='bbox 1410 4695 1460 4730; x_wconf 87' lang='lat' dir='ltr'>non</span> <span class='ocrx_word' id='word_1_754' title='bbox 1479 4677 1574 4730; x_wconf 90' lang='lat' dir='ltr'>ultimo</span> <span class='ocrx_word' id='word_1_755' title='bbox 1590 4678 1648 4730; x_wconf 93' lang='lat' dir='ltr'>ioco</span> <span class='ocrx_word' id='word_1_756' title='bbox 1662 4677 1779 4747; x_wconf 88' lang='lat' dir='ltr'>ponenda</span> <span class='ocrx_word' id='word_1_757' title='bbox 1795 4677 1848 4744; x_wconf 88' lang='lat' dir='ltr'>ilia,</span> <span class='ocrx_word' id='word_1_758' title='bbox 1863 4697 2002 4750; x_wconf 87' lang='lat' dir='ltr'>perquam</span> 
     </span>
     <span class='ocr_line' id='line_1_103' title="bbox 321 4754 2003 4835; baseline 0.004 -24"><span class='ocrx_word' id='word_1_759' title='bbox 321 4758 458 4823; x_wconf 88' lang='lat' dir='ltr'>nouerit,</span> <span class='ocrx_word' id='word_1_760' title='bbox 478 4757 590 4828; x_wconf 91' lang='lat' dir='ltr'>upiuur,</span> <span class='ocrx_word' id='word_1_761' title='bbox 609 4754 752 4806; x_wconf 83' lang='lat' dir='ltr'>absonum.</span> <span class='ocrx_word' id='word_1_762' title='bbox 1189 4763 1334 4828; x_wconf 84' lang='lat' dir='ltr'>spectacula</span> <span class='ocrx_word' id='word_1_763' title='bbox 1352 4760 1508 4830; x_wconf 73' lang='lat' dir='ltr'>gladiatoria</span> <span class='ocrx_word' id='word_1_764' title='bbox 1527 4760 1654 4829; x_wconf 86' lang='lat' dir='ltr'>primitus</span> <span class='ocrx_word' id='word_1_765' title='bbox 1674 4779 1687 4812; x_wconf 91' lang='lat' dir='ltr'>a</span> <span class='ocrx_word' id='word_1_766' title='bbox 1707 4761 1881 4817; x_wconf 83' lang='lat' dir='ltr'>Constantino</span> <span class='ocrx_word' id='word_1_767' title='bbox 1893 4782 1928 4817; x_wconf 90' lang='lat' dir='ltr'>m.</span> <span class='ocrx_word' id='word_1_768' title='bbox 1941 4784 2003 4835; x_wconf 54' lang='lat' dir='ltr'>prof</span> 
     </span>
    </p>

    <p class='ocr_par' dir='ltr' id='par_1_22' title="bbox 321 4835 2004 5578">
     <span class='ocr_line' id='line_1_104' title="bbox 356 4835 2002 4914; baseline 0.005 -20"><span class='ocrx_word' id='word_1_769' title='bbox 356 4841 380 4912; x_wconf 88' lang='grc'>5.</span> <span class='ocrx_word' id='word_1_770' title='bbox 399 4841 425 4894; x_wconf 89' lang='grc'>5.</span> <span class='ocrx_word' id='word_1_771' title='bbox 450 4839 486 4892; x_wconf 88' lang='lat' dir='ltr'>Ut</span> <span class='ocrx_word' id='word_1_772' title='bbox 505 4835 780 4894; x_wconf 85' lang='lat' dir='ltr'>remordineomnia</span> <span class='ocrx_word' id='word_1_773' title='bbox 800 4835 961 4905; x_wconf 73' lang='lat' dir='ltr'>prrncedani,</span> <span class='ocrx_word' id='word_1_774' title='bbox 980 4837 1054 4891; x_wconf 90' lang='lat' dir='ltr'>iilius</span> <span class='ocrx_word' id='word_1_775' title='bbox 1087 4836 1137 4889; x_wconf 90' lang='lat' dir='ltr'>im·</span> <span class='ocrx_word' id='word_1_776' title='bbox 1188 4841 1292 4909; x_wconf 81' lang='lat' dir='ltr'>bibita¹</span> <span class='ocrx_word' id='word_1_777' title='bbox 1312 4842 1365 4895; x_wconf 88' lang='lat' dir='ltr'>rid.</span> <span class='ocrx_word' id='word_1_778' title='bbox 1385 4841 1492 4895; x_wconf 74' lang='lat' dir='ltr'>lesuin</span> <span class='ocrx_word' id='word_1_779' title='bbox 1511 4860 1532 4895; x_wconf 87' lang='lat' dir='ltr'>c.</span> <span class='ocrx_word' id='word_1_780' title='bbox 1553 4841 1748 4914; x_wconf 69' lang='lat' dir='ltr'>deglndintur.</span> <span class='ocrx_word' id='word_1_781' title='bbox 1766 4844 2002 4910; x_wconf 80' lang='lat' dir='ltr'>pcnieurtcilend.</span> 
     </span>
     <span class='ocr_line' id='line_1_105' title="bbox 321 4920 2002 5000; baseline 0.002 -23"><span class='ocrx_word' id='word_1_782' title='bbox 321 4925 452 4994; x_wconf 80' lang='lat' dir='ltr'>peratorie</span> <span class='ocrx_word' id='word_1_783' title='bbox 471 4923 546 4994; x_wconf 87' lang='lat' dir='ltr'>prius</span> <span class='ocrx_word' id='word_1_784' title='bbox 564 4923 726 4976; x_wconf 87' lang='lat' dir='ltr'>mentionem</span> <span class='ocrx_word' id='word_1_785' title='bbox 745 4920 857 4985; x_wconf 83' lang='lat' dir='ltr'>saulam,</span> <span class='ocrx_word' id='word_1_786' title='bbox 874 4921 920 4993; x_wconf 91' lang='lat' dir='ltr'>qni</span> <span class='ocrx_word' id='word_1_787' title='bbox 939 4923 1028 4992; x_wconf 87' lang='lat' dir='ltr'>primo</span> <span class='ocrx_word' id='word_1_788' title='bbox 1040 4925 1096 4978; x_wconf 91' lang='lat' dir='ltr'>luco</span> <span class='ocrx_word' id='word_1_789' title='bbox 1108 4925 1136 4976; x_wconf 89' lang='lat' dir='ltr'>in</span> <span class='ocrx_word' id='word_1_790' title='bbox 1189 4926 1215 4978; x_wconf 90' lang='lat' dir='ltr'>in</span> <span class='ocrx_word' id='word_1_791' title='bbox 1236 4936 1315 4981; x_wconf 90' lang='lat' dir='ltr'>tutum</span> <span class='ocrx_word' id='word_1_792' title='bbox 1335 4927 1457 4990; x_wconf 82' lang='lat' dir='ltr'>sustulit,</span> <span class='ocrx_word' id='word_1_793' title='bbox 1477 4935 1543 4980; x_wconf 86' lang='lat' dir='ltr'>teste</span> <span class='ocrx_word' id='word_1_794' title='bbox 1555 4923 1719 4979; x_wconf 86' lang='lat' dir='ltr'>Theodoricn</span> <span class='ocrx_word' id='word_1_795' title='bbox 1732 4936 1758 4979; x_wconf 78' lang='lat' dir='ltr'>el</span> <span class='ocrx_word' id='word_1_796' title='bbox 1771 4927 1921 4996; x_wconf 87' lang='lat' dir='ltr'>Nicephurn</span> <span class='ocrx_word' id='word_1_797' title='bbox 1932 4932 2002 5000; x_wconf 87' lang='lat' dir='ltr'>epod</span> 
     </span>
     <span class='ocr_line' id='line_1_106' title="bbox 322 5005 2004 5084; baseline 0.004 -26"><span class='ocrx_word' id='word_1_798' title='bbox 322 5007 379 5076; x_wconf 82' lang='lat' dir='ltr'>ipsa</span> <span class='ocrx_word' id='word_1_799' title='bbox 400 5005 568 5075; x_wconf 80' lang='lat' dir='ltr'>inscriptione</span> <span class='ocrx_word' id='word_1_800' title='bbox 587 5007 688 5076; x_wconf 89' lang='lat' dir='ltr'>positos</span> <span class='ocrx_word' id='word_1_801' title='bbox 706 5015 751 5058; x_wconf 89' lang='lat' dir='ltr'>sst.</span> <span class='ocrx_word' id='word_1_802' title='bbox 770 5007 882 5060; x_wconf 81' lang='lat' dir='ltr'>Vocatur</span> <span class='ocrx_word' id='word_1_803' title='bbox 906 5018 990 5060; x_wconf 92' lang='lat' dir='ltr'>autern</span> <span class='ocrx_word' id='word_1_804' title='bbox 1018 5009 1065 5061; x_wconf 88' lang='lat' dir='ltr'>ille</span> <span class='ocrx_word' id='word_1_805' title='bbox 1082 5009 1137 5061; x_wconf 83' lang='lat' dir='ltr'>Ar·</span> <span class='ocrx_word' id='word_1_806' title='bbox 1190 5008 1348 5078; x_wconf 74' lang='lat' dir='ltr'>Dionysium</span> <span class='ocrx_word' id='word_1_807' title='bbox 1368 5007 1561 5063; x_wconf 87' lang='lat' dir='ltr'>Guthoirednm</span> <span class='ocrx_word' id='word_1_808' title='bbox 1580 5009 1608 5062; x_wconf 87' lang='lat' dir='ltr'>iu</span> <span class='ocrx_word' id='word_1_809' title='bbox 1627 5008 2004 5084; x_wconf 65' lang='lat' dir='ltr'>nut.cdd.l.1it.rrr.ecrfi</span> 
     </span>
     <span class='ocr_line' id='line_1_107' title="bbox 326 5088 1999 5166; baseline 0.003 -22"><span class='ocrx_word' id='word_1_810' title='bbox 326 5088 437 5154; x_wconf 84' lang='lat' dir='ltr'>nudius,</span> <span class='ocrx_word' id='word_1_811' title='bbox 455 5089 501 5161; x_wconf 91' lang='lat' dir='ltr'>qui</span> <span class='ocrx_word' id='word_1_812' title='bbox 521 5100 662 5159; x_wconf 74' lang='lat' dir='ltr'>prognatus</span> <span class='ocrx_word' id='word_1_813' title='bbox 691 5098 766 5160; x_wconf 86' lang='lat' dir='ltr'>patre</span> <span class='ocrx_word' id='word_1_814' title='bbox 784 5091 932 5143; x_wconf 85' lang='lat' dir='ltr'>Theodosio</span> <span class='ocrx_word' id='word_1_815' title='bbox 951 5108 985 5144; x_wconf 90' lang='grc' dir='ltr'><strong>ιιι.</strong></span> <span class='ocrx_word' id='word_1_816' title='bbox 1004 5101 1032 5144; x_wconf 87' lang='lat' dir='ltr'>ct</span> <span class='ocrx_word' id='word_1_817' title='bbox 1054 5100 1138 5145; x_wconf 86' lang='lat' dir='ltr'>matre</span> <span class='ocrx_word' id='word_1_818' title='bbox 1189 5091 1282 5146; x_wconf 82' lang='lat' dir='ltr'>vttttt.</span> <span class='ocrx_word' id='word_1_819' title='bbox 1303 5093 1482 5146; x_wconf 87' lang='lat' dir='ltr'>Stratemenn.</span> <span class='ocrx_word' id='word_1_820' title='bbox 1505 5091 1614 5146; x_wconf 78' lang='lat' dir='ltr'>Thentr.</span> <span class='ocrx_word' id='word_1_821' title='bbox 1628 5091 1746 5146; x_wconf 85' lang='lat' dir='ltr'>lristcric.</span> <span class='ocrx_word' id='word_1_822' title='bbox 1765 5095 1833 5147; x_wconf 76' lang='lat' dir='ltr'>eari-</span> <span class='ocrx_word' id='word_1_823' title='bbox 1857 5097 1923 5148; x_wconf 82' lang='lat' dir='ltr'><em>VII.</em></span> <span class='ocrx_word' id='word_1_824' title='bbox 1937 5114 1999 5166; x_wconf 74' lang='lat' dir='ltr'>pag.</span> 
     </span>
     <span class='ocr_line' id='line_1_108' title="bbox 324 5170 2000 5244; baseline 0.002 -17"><span class='ocrx_word' id='word_1_825' title='bbox 324 5173 448 5238; x_wconf 87' lang='lat' dir='ltr'>Piacilla,</span> <span class='ocrx_word' id='word_1_826' title='bbox 465 5189 542 5244; x_wconf 89' lang='lat' dir='ltr'>qnam</span> <span class='ocrx_word' id='word_1_827' title='bbox 561 5173 609 5225; x_wconf 91' lang='lat' dir='ltr'>aiii</span> <span class='ocrx_word' id='word_1_828' title='bbox 627 5181 720 5230; x_wconf 80' lang='lat' dir='ltr'>nunant</span> <span class='ocrx_word' id='word_1_829' title='bbox 736 5173 872 5226; x_wconf 75' lang='lat' dir='ltr'>Flactttam</span> <span class='ocrx_word' id='word_1_830' title='bbox 892 5170 1058 5228; x_wconf 83' lang='lat' dir='ltr'>catholicam.</span> <span class='ocrx_word' id='word_1_831' title='bbox 1085 5175 1137 5228; x_wconf 86' lang='lat' dir='ltr'>rid.</span> <span class='ocrx_word' id='word_1_832' title='bbox 1190 5173 1250 5226; x_wconf 86' lang='grc'><strong>888.</strong></span> <span class='ocrx_word' id='word_1_833' title='bbox 1270 5175 1400 5238; x_wconf 86' lang='lat' dir='ltr'>interim,</span> <span class='ocrx_word' id='word_1_834' title='bbox 1419 5189 1476 5226; x_wconf 89' lang='lat' dir='ltr'>cum</span> <span class='ocrx_word' id='word_1_835' title='bbox 1494 5183 1612 5230; x_wconf 86' lang='lat' dir='ltr'>cerneret</span> <span class='ocrx_word' id='word_1_836' title='bbox 1630 5174 1785 5240; x_wconf 80' lang='lat' dir='ltr'>Honorius,</span> <span class='ocrx_word' id='word_1_837' title='bbox 1803 5192 1856 5228; x_wconf 89' lang='lat' dir='ltr'>non</span> <span class='ocrx_word' id='word_1_838' title='bbox 1885 5189 2000 5232; x_wconf 89' lang='lat' dir='ltr'>cuntem·</span> 
     </span>
     <span class='ocr_line' id='line_1_109' title="bbox 325 5251 2001 5332; baseline -0.001 -16"><span class='ocrx_word' id='word_1_839' title='bbox 325 5251 469 5316; x_wconf 83' lang='lat' dir='ltr'>chronicon</span> <span class='ocrx_word' id='word_1_840' title='bbox 488 5261 685 5316; x_wconf 85' lang='lat' dir='ltr'>alexandrinum</span> <span class='ocrx_word' id='word_1_841' title='bbox 704 5260 752 5316; x_wconf 83' lang='lat' dir='ltr'>sul</span> <span class='ocrx_word' id='word_1_842' title='bbox 763 5261 815 5314; x_wconf 82' lang='lat' dir='ltr'>leuc</span> <span class='ocrx_word' id='word_1_843' title='bbox 826 5257 987 5330; x_wconf 80' lang='lat' dir='ltr'>imperatore</span> <span class='ocrx_word' id='word_1_844' title='bbox 1002 5279 1065 5331; x_wconf 67' lang='lat' dir='ltr'>pap.</span> <span class='ocrx_word' id='word_1_845' title='bbox 1076 5261 1137 5314; x_wconf 77' lang='lat'><strong>709.</strong></span> <span class='ocrx_word' id='word_1_846' title='bbox 1188 5257 1303 5310; x_wconf 89' lang='lat' dir='ltr'>neudum</span> <span class='ocrx_word' id='word_1_847' title='bbox 1323 5255 1435 5309; x_wconf 77' lang='lat' dir='ltr'>fulcrum</span> <span class='ocrx_word' id='word_1_848' title='bbox 1456 5255 1523 5326; x_wconf 88' lang='lat' dir='ltr'>reip.</span> <span class='ocrx_word' id='word_1_849' title='bbox 1541 5273 1597 5311; x_wconf 87' lang='lat' dir='ltr'>esee</span> <span class='ocrx_word' id='word_1_850' title='bbox 1616 5257 1753 5312; x_wconf 85' lang='lat' dir='ltr'>haeredem</span> <span class='ocrx_word' id='word_1_851' title='bbox 1780 5267 1806 5310; x_wconf 83' lang='lat' dir='ltr'>el</span> <span class='ocrx_word' id='word_1_852' title='bbox 1825 5274 2001 5332; x_wconf 80' lang='lat' dir='ltr'>successorem</span> 
     </span>
     <span class='ocr_line' id='line_1_110' title="bbox 325 5341 2001 5416; baseline -0.001 -16"><span class='ocrx_word' id='word_1_853' title='bbox 325 5345 525 5400; x_wconf 76' lang='lat' dir='ltr'>commendarit</span> <span class='ocrx_word' id='word_1_854' title='bbox 544 5344 729 5400; x_wconf 80' lang='lat' dir='ltr'>bictircadinr</span> <span class='ocrx_word' id='word_1_855' title='bbox 747 5343 936 5410; x_wconf 76' lang='lat' dir='ltr'>reomuibus,</span> <span class='ocrx_word' id='word_1_856' title='bbox 966 5344 1137 5412; x_wconf 81' lang='lat' dir='ltr'>expluribus</span> <span class='ocrx_word' id='word_1_857' title='bbox 1188 5343 1313 5412; x_wconf 86' lang='lat' dir='ltr'>imperii,</span> <span class='ocrx_word' id='word_1_858' title='bbox 1344 5343 1377 5394; x_wconf 89' lang='lat' dir='ltr'>de</span> <span class='ocrx_word' id='word_1_859' title='bbox 1407 5341 1577 5394; x_wconf 86' lang='lat' dir='ltr'>matrimonio</span> <span class='ocrx_word' id='word_1_860' title='bbox 1606 5344 1686 5396; x_wconf 87' lang='lat' dir='ltr'>etiem</span> <span class='ocrx_word' id='word_1_861' title='bbox 1705 5341 1820 5410; x_wconf 73' lang='lat' dir='ltr'>cogitare</span> <span class='ocrx_word' id='word_1_862' title='bbox 1839 5344 2001 5416; x_wconf 70' lang='lat' dir='ltr'>incipiebat:</span> 
     </span>
     <span class='ocr_line' id='line_1_111' title="bbox 325 5417 1999 5498; baseline 0.001 -20"><span class='ocrx_word' id='word_1_863' title='bbox 325 5431 423 5480; x_wconf 85' lang='lat' dir='ltr'>causis:</span> <span class='ocrx_word' id='word_1_864' title='bbox 445 5438 622 5498; x_wconf 89' lang='lat' dir='ltr'>praeterquam</span> <span class='ocrx_word' id='word_1_865' title='bbox 643 5426 728 5490; x_wconf 84' lang='lat' dir='ltr'>carim,</span> <span class='ocrx_word' id='word_1_866' title='bbox 755 5425 824 5494; x_wconf 89' lang='lat' dir='ltr'>qnod</span> <span class='ocrx_word' id='word_1_867' title='bbox 857 5423 968 5481; x_wconf 87' lang='lat' dir='ltr'>iormosa</span> <span class='ocrx_word' id='word_1_868' title='bbox 1001 5425 1053 5494; x_wconf 83' lang='lat' dir='ltr'>ipsi</span> <span class='ocrx_word' id='word_1_869' title='bbox 1086 5437 1139 5480; x_wconf 86' lang='lat' dir='ltr'>erat</span> <span class='ocrx_word' id='word_1_870' title='bbox 1186 5417 1278 5479; x_wconf 83' lang='lat' dir='ltr'>rernm</span> <span class='ocrx_word' id='word_1_871' title='bbox 1296 5441 1428 5478; x_wconf 83' lang='lat' dir='ltr'>successus</span> <span class='ocrx_word' id='word_1_872' title='bbox 1445 5441 1496 5475; x_wconf 91' lang='lat' dir='ltr'>nun</span> <span class='ocrx_word' id='word_1_873' title='bbox 1515 5439 1546 5475; x_wconf 81' lang='lat' dir='ltr'>ca</span> <span class='ocrx_word' id='word_1_874' title='bbox 1565 5433 1624 5478; x_wconf 86' lang='lat' dir='ltr'>soto</span> <span class='ocrx_word' id='word_1_875' title='bbox 1654 5424 1849 5493; x_wconf 68' lang='lat' dir='ltr'>respondebate</span> <span class='ocrx_word' id='word_1_876' title='bbox 1881 5425 1999 5481; x_wconf 86' lang='lat' dir='ltr'>iuleiicis</span> 
     </span>
     <span class='ocr_line' id='line_1_112' title="bbox 326 5503 2004 5578; baseline 0.001 -15"><span class='ocrx_word' id='word_1_877' title='bbox 326 5508 421 5576; x_wconf 83' lang='lat' dir='ltr'>lenies,</span> <span class='ocrx_word' id='word_1_878' title='bbox 442 5512 561 5564; x_wconf 88' lang='lat' dir='ltr'>Socrates</span> <span class='ocrx_word' id='word_1_879' title='bbox 581 5509 626 5563; x_wconf 83' lang='lat' dir='ltr'>ttt.</span> <span class='ocrx_word' id='word_1_880' title='bbox 654 5510 717 5564; x_wconf 71' lang='lat' dir='ltr'>ce.</span> <span class='ocrx_word' id='word_1_881' title='bbox 743 5507 788 5558; x_wconf 75' lang='lat'>23.</span> <span class='ocrx_word' id='word_1_882' title='bbox 807 5516 833 5558; x_wconf 89' lang='lat' dir='ltr'>ct</span> <span class='ocrx_word' id='word_1_883' title='bbox 851 5507 1021 5578; x_wconf 71' lang='lat' dir='ltr'>calligraphia</span> <span class='ocrx_word' id='word_1_884' title='bbox 1042 5508 1139 5559; x_wconf 86' lang='lat' dir='ltr'>instru·</span> <span class='ocrx_word' id='word_1_885' title='bbox 1188 5508 1258 5560; x_wconf 92' lang='lat' dir='ltr'>enim</span> <span class='ocrx_word' id='word_1_886' title='bbox 1277 5525 1336 5559; x_wconf 90' lang='lat' dir='ltr'>cnm</span> <span class='ocrx_word' id='word_1_887' title='bbox 1355 5505 1578 5560; x_wconf 87' lang='lat' dir='ltr'>binisStiiicnnis</span> <span class='ocrx_word' id='word_1_888' title='bbox 1597 5503 1702 5562; x_wconf 77' lang='lat' dir='ltr'>filiabus</span> <span class='ocrx_word' id='word_1_889' title='bbox 1716 5509 1862 5562; x_wconf 84' lang='lat' dir='ltr'>successise</span> <span class='ocrx_word' id='word_1_890' title='bbox 1875 5512 2004 5566; x_wconf 81' lang='lat' dir='ltr'>contraxit</span> 
     </span>
    </p>
   </div>
   <div class='ocr_carea' id='block_1_14' title="bbox 327 5589 2002 5684">
    <p class='ocr_par' dir='ltr' id='par_1_23' title="bbox 327 5589 2002 5684">
     <span class='ocr_line' id='line_1_113' title="bbox 327 5589 2002 5684; baseline -0.001 -38"><span class='ocrx_word' id='word_1_891' title='bbox 327 5603 385 5648; x_wconf 90' lang='lat' dir='ltr'>ctus</span> <span class='ocrx_word' id='word_1_892' title='bbox 403 5594 517 5667; x_wconf 81' lang='lat' dir='ltr'>optime,</span> <span class='ocrx_word' id='word_1_893' title='bbox 537 5591 592 5650; x_wconf 81' lang='lat' dir='ltr'>nid.</span> <span class='ocrx_word' id='word_1_894' title='bbox 607 5589 722 5648; x_wconf 83' lang='lat' dir='ltr'>hiicbaei</span> <span class='ocrx_word' id='word_1_895' title='bbox 742 5589 838 5648; x_wconf 74' lang='lat' dir='ltr'>secisse</span> <span class='ocrx_word' id='word_1_896' title='bbox 853 5589 882 5645; x_wconf 86' lang='lat' dir='ltr'>in</span> <span class='ocrx_word' id='word_1_897' title='bbox 895 5592 1059 5663; x_wconf 71' lang='lat' dir='ltr'>derKuyrer</span> <span class='ocrx_word' id='word_1_898' title='bbox 1071 5589 1140 5646; x_wconf 81' lang='lat' dir='ltr'>Krn·</span> <span class='ocrx_word' id='word_1_899' title='bbox 1161 5641 1171 5684; x_wconf 56' lang='grc' dir='ltr'>ι</span> <span class='ocrx_word' id='word_1_900' title='bbox 1189 5591 1341 5662; x_wconf 84' lang='lat' dir='ltr'>sponsalia,</span> <span class='ocrx_word' id='word_1_901' title='bbox 1361 5605 1411 5644; x_wconf 90' lang='lat' dir='ltr'>uua</span> <span class='ocrx_word' id='word_1_902' title='bbox 1428 5589 1529 5660; x_wconf 82' lang='lat' dir='ltr'>quippe</span> <span class='ocrx_word' id='word_1_903' title='bbox 1548 5599 1608 5658; x_wconf 86' lang='lat' dir='ltr'>pust</span> <span class='ocrx_word' id='word_1_904' title='bbox 1625 5589 1733 5644; x_wconf 84' lang='lat' dir='ltr'>aiteram</span> <span class='ocrx_word' id='word_1_905' title='bbox 1752 5599 1782 5643; x_wconf 80' lang='lat' dir='ltr'>ut</span> <span class='ocrx_word' id='word_1_906' title='bbox 1799 5605 1893 5662; x_wconf 84' lang='lat' dir='ltr'>sponsa</span> <span class='ocrx_word' id='word_1_907' title='bbox 1908 5593 2002 5646; x_wconf 86' lang='lat' dir='ltr'>enoria·</span> 
     </span>
    </p>
   </div>
   <div class='ocr_carea' id='block_1_15' title="bbox 0 0 2236 6164">
    <p class='ocr_par' dir='ltr' id='par_1_24' title="bbox 0 0 2236 6164">
     <span class='ocr_line' id='line_1_114' title="bbox 0 0 2236 6164; baseline 0 0"><span class='ocrx_word' id='word_1_908' title='bbox 0 0 2236 6164; x_wconf 95' lang='lat' dir='ltr'> </span> 
     </span>
    </p>
   </div>
  </div>
 </body>
</html>
