4442 6158
402 278 457 330 ss't
958 267 1147 323 ntstntt'r.
1165 269 1235 323 xxt.
1256 267 1381 328 SECTIO
1399 271 1427 324 1.
1914 261 1970 324 333

354 375 553 462 rationem,
605 397 649 446 as
674 364 935 470 praecaeteris
963 365 1095 464 pollere
1121 367 1345 465 perhibetur,
1372 370 1440 468 ipsi
1469 389 1618 440 romano
1659 363 1917 441 caesareo-iuri
1943 386 2017 436 sae-

356 497 553 574 penumero
578 397 749 570 derogare
786 479 978 556 asseratur3
1010 465 1056 538 ab
1089 468 1170 538 aliis
1201 473 1238 540 in
1277 467 1426 541 modum
1455 467 1722 540 consuetudinis
1756 469 1793 539 iu
1832 462 2017 536 nonnullis

353 575 516 646 materiis
547 572 759 660 invaluisse,
791 571 831 641 in
868 567 1016 666 reliquis
1064 591 1165 654 vero,
1199 569 1245 640 de
1278 566 1411 666 quibus
1446 567 1665 652 consuetudo
1699 565 1797 640 uulla
1839 577 2016 663 apparet,

352 677 501 744 omniuo
518 696 654 744 cessare
690 683 883 758 statuatur,
923 667 982 738 alii
1019 673 1055 738 in
1087 667 1183 737 istud
1218 673 1361 766 penitus
1395 669 1635 757 invehantur,
1659 692 1700 740 ac
1735 671 1788 766 jus
1820 690 1899 738 carr.
1934 663 2020 735 Ler-

353 797 440 844 nam
478 771 656 844 malorum
694 771 911 868 pessimique
948 769 1168 864 argumenti,
1202 772 1411 866 praesertim
1448 768 1697 852 ecclesiastici,
1745 791 1821 838 esse
1864 767 2019 863 patroci-

354 873 472 962 nium,
505 896 572 944 nec
599 871 768 944 cathedra
799 893 862 940 nec
889 866 965 939 soro
989 869 1184 938 christiano
1210 867 1272 940 sed
1298 867 1468 939 incendio
1493 868 1671 966 dignum,
1698 867 1916 938 decretistas·
1939 890 2021 939 sero

354 971 523 1071 optimos,
560 974 730 1070 pessimos
760 972 939 1054 asinistas,
973 981 1007 1038 et
1045 967 1164 1040 nullos
1196 968 1384 1040 doctorum
1419 969 1633 1068 ineptiores,
1664 993 1774 1066 quam
1807 968 1868 1064 qui
1890 966 1935 1037 ad
1968 971 2020 1066 jus

355 1095 434 1142 cau.
468 1073 660 1170 scripsere,
693 1071 812 1142 dicere
856 1067 948 1138 nulli
984 1065 1207 1142 erubescant.
1241 1069 1350 1139 Lutlr.
1370 1081 1456 1142 tom.
1481 1091 1509 1137 r.
1529 1065 1696 1168 Ineſsa.
1725 1067 1808 1140 355.
1829 1066 2020 1138 Inuoceut.

356 1170 495 1242 Gentil.
530 1175 556 1243 l.
591 1173 627 1244 5.
660 1194 786 1244 exani.
818 1171 952 1241 concil.
988 1167 1141 1240 trident.
1179 1171 1320 1264 aliique
1353 1190 1444 1264 quos
1473 1171 1585 1263 alleg.
1622 1171 1663 1240 l).
1706 1167 1815 1263 Ziegl.
1862 1168 1938 1238 dis.
1975 1171 2021 1242 de

354 1275 449 1366 orig.
485 1280 566 1369 jar.
604 1296 689 1344 can.
724 1270 760 1359 S.
794 1271 854 1361 64.
890 1267 1010 1360 Quid,
1041 1267 1138 1366 quod
1172 1269 1209 1338 iu
1244 1263 1379 1366 tiigtia
1413 1292 1532 1341 severe
1567 1266 1818 1367 prohibitum,
1854 1293 1900 1339 ne
1935 1273 2025 1367 quis

355 1367 408 1442 ibi
444 1369 603 1444 locorum
639 1373 676 1442 iu
705 1370 889 1442 doctorem
925 1371 1014 1468 juris
1048 1369 1211 1439 canonici
1248 1381 1520 1467 promoveatur,
1547 1381 1609 1439 aut
1646 1371 1675 1439 si
1711 1367 2023 1468 talisaliquisap·

354 1485 496 1572 pareat,
530 1498 547 1542 a
588 1469 798 1544 muneribus
827 1467 1042 1540 excludetur
1074 1478 1109 1539 et
1145 1467 1355 1540 honoribus.
1390 1471 1437 1540 dc
1467 1491 1540 1566 quo
1565 1465 1712 1540 Robert.
1747 1465 1949 1542 Porclterus
1977 1470 2024 1542 de

352 1575 460 1666 polit.
492 1575 620 1644 eccles.
647 1576 673 1642 l.
711 1595 744 1641 a.
783 1591 813 1642 o.
855 1569 913 1641 32.
950 1583 987 1640 et
1019 1567 1079 1642 33.
1108 1570 1204 1660 Quas
1239 1572 1401 1640 sinistras
1443 1568 1488 1639 de
1523 1570 1604 1668 jure
1641 1592 1720 1640 can.
1756 1573 1959 1640 sententias
1986 1573 2026 1642 'si

354 1671 522 1769 colligere
547 1687 583 1743 et
608 1672 673 1742 hoc
702 1670 777 1740 loco
803 1692 985 1740 recensere
1009 1681 1219 1765 satagerem,
1245 1669 1364 1742 oleum
1392 1683 1528 1740 memet
1555 1693 1595 1740 ac
1613 1693 1758 1768 operam
1779 1669 2023 1768 perditurum,

354 1785 452 1844 certo
477 1795 555 1844 sum
585 1795 779 1870 persuasus.
805 1769 871 1841 Hic
899 1769 1032 1867 potius,
1059 1771 1098 1841 in
1126 1782 1226 1840 tauta
1253 1771 1466 1870 opinionum
1495 1769 1686 1858 varietate,
1711 1769 1862 1844 solidius
1897 1775 2025 1870 paulu·

356 1871 435 1956 lum
462 1872 500 1940 in
527 1874 749 1944 auctoritatis
773 1873 849 1970 ejus
876 1872 1067 1940 veritatem
1095 1870 1298 1966 inquirere,
1325 1870 1422 1969 apud
1448 1872 1613 1942 errimum
1649 1892 1775 1941 meum
1815 1875 1993 1944 constitui
2015 1924 2053 1961 ,.

355 1971 601 2044 academicum
629 1975 667 2042 iu
693 1994 833 2041 morem
861 1968 1121 2068 disputaturus.
1150 1967 1228 2040 Non
1256 1983 1296 2040 ut
1321 1973 1481 2068 cuipiam
1508 1969 1737 2043 dissentienti
1782 1970 1841 2046 hic
1890 1985 2027 2044 temere

354 2075 635 2144 controversiam
663 2093 848 2155 moveam,
873 2083 934 2142 aut
960 2069 1198 2141 communiori
1226 2071 1383 2170 opinioni
1411 2070 1459 2142 de
1483 2095 1523 2142 eo
1551 2085 1713 2171 proterve
1739 2070 1935 2164 insultem;
1963 2073 2025 2145 sed

356 2170 511 2270 quadiu
540 2175 626 2270 ipsis
654 2195 774 2241 rerum
803 2167 948 2239 obtinet
973 2169 1218 2264 argumentis,
1245 2171 1404 2244 curatius
1431 2186 1665 2270 perscruter,
1703 2185 1740 2242 et
1782 2187 1901 2244 scruta
1921 2228 1933 2264 ‚
1955 2199 2025 2272 qua

355 2271 470 2360 decet,
500 2273 671 2342 modestia
700 2268 905 2340 delendam.
932 2271 1035 2362 Quod
1062 2271 1089 2340 si
1119 2263 1224 2358 sorte,
1268 2271 1381 2342 lector
1425 2270 1614 2362 benevole,
1640 2287 1834 2370 conceptae
1874 2275 1922 2346 de
1968 2299 2027 2346 me

356 2373 429 2470 spei
457 2381 493 2440 et
515 2369 723 2442 limatutuo
749 2369 882 2470 judicio
907 2381 1032 2441 exacte
1057 2391 1129 2440 nou
1155 2369 1374 2459 satisfecero,
1408 2375 1552 2446 veniam
1597 2371 1760 2444 merebor
1803 2378 1950 2475 juvenis
1991 2387 2027 2446 et

357 2481 449 2542 nutu
477 2483 539 2542 tuo
566 2471 707 2568 placido
734 2470 780 2543 ad
805 2469 1019 2544 discendum
1045 2480 1199 2570 paratus.
1225 2470 1301 2544 Nee
1327 2471 1371 2542 de
1399 2485 1518 2544 meet
1547 2474 1634 2546 meis
1660 2473 1806 2571 sequius
1837 2486 1875 2545 te
1901 2499 2021 2550 sensu·

357 2595 440 2642 rum
466 2571 620 2660 corrlrdo,
646 2595 756 2668 quam
784 2569 830 2638 de
857 2581 891 2640 te
916 2582 952 2639 et
972 2573 1041 2640 tuis
1069 2569 1228 2668 judicare
1254 2573 1432 2644 desideras
1458 2574 1555 2646 alios.
1584 2573 1660 2646 Hac
1686 2595 1748 2672 spe
1782 2572 1900 2648 fretus
1935 2577 2027 2650 diri-

358 2693 406 2744 no
431 2670 639 2770 adspirante
656 2668 817 2744 Numine
842 2671 1068 2744 tractationis
1096 2672 1283 2746 materiam
1310 2675 1510 2772 aggredior,
1536 2679 1677 2772 eritque

998 2873 1282 2944 SECTIO
1328 2878 1354 2944 l.

507 3065 563 3131 Dc
585 3063 796 3133 auctoritate
813 3062 907 3151 juris
932 3067 1091 3132 cononici
1115 3069 1207 3131 inter
1230 3081 1443 3155 asrgustanae
1467 3071 1696 3156 corffessiouis
1719 3087 1898 3148 consortes·

798 3155 835 3216 in
850 3174 990 3240 genere,
1014 3155 1119 3246 deque
1141 3154 1219 3245 ejus·
1241 3157 1378 3246 origine
1401 3173 1436 3226 et
1459 3183 1581 3228 consa.

587 3369 606 3420 S
628 3368 654 3421 U
671 3366 708 3420 d!
721 3367 756 3418 Μ
771 3367 799 3419 A
818 3367 843 3419 ll
863 3367 881 3418 1
897 3370 925 3417 A
1222 3369 1290 3422 Jars
1301 3385 1360 3422 can.
1373 3371 1539 3426 vocabalum
1551 3371 1734 3439 canonicum,
1753 3377 1782 3428 in
1798 3378 1911 3430 modum
1930 3377 2039 3444 epitheti

1256 3461 1282 3504 et
1294 3464 1383 3505 certos
1395 3454 1533 3524 qualitatis
1551 3457 1706 3510 combinari
1725 3461 1794 3512 solet
1816 3479 1876 3514 cum
1891 3463 1957 3518 aliis
1972 3465 2040 3536 ejas·

351 3541 505 3606 Ingressus.
518 3552 545 3586 n.
559 3536 585 3584 1.
1256 3554 1307 3604 que
1318 3537 1359 3589 ssi
1369 3539 1491 3603 exemplo
1503 3540 1666 3610 alleguntur.
1681 3561 1710 3597 n.
1723 3543 1767 3596 37.

353 3621 489 3675 Rubricos
502 3616 612 3686 singula
625 3617 705 3670 uerba
716 3615 890 3682 explicanda.
903 3636 931 3670 n.
946 3619 970 3669 3.
1220 3618 1363 3674 Canopica
1378 3639 1431 3674 aas
1442 3624 1563 3677 obsolute
1572 3623 1664 3695 posito
1690 3629 1853 3680 monacham
1878 3627 2018 3698 significat
2031 3667 2038 3694 ,

351 3701 560 3774 Etymatogiom
572 3711 664 3780 taenea
679 3717 737 3752 aon
750 3697 918 3765 curabimus,
931 3700 981 3755 sed
989 3701 1049 3774 ejus
1064 3701 1171 3758 intuita.
1194 3711 1197 3774 j
1255 3703 1319 3754 item
1331 3705 1489 3765 canoniam.
1503 3725 1573 3775 quoe
1587 3709 1652 3777 quid
1662 3709 1697 3760 sit
1711 3712 1873 3773 explicatas.
1885 3731 1914 3764 rs.
1931 3715 1976 3764 38.

390 3803 469 3838 num.
481 3784 507 3837 l.

1219 3783 1409 3840 Canonicctus
1422 3788 1495 3860 qnid,
1514 3801 1542 3842 st
1555 3793 1601 3861 qui
1611 3793 1735 3846 canonici
1744 3795 1944 3860 praebendarii.
1958 3817 1985 3850 n.
1998 3798 2038 3848 33.

353 3869 413 3920 Nos
426 3863 857 3936 rennrtmosotteoteograptas.
871 3869 937 3922 nli.
1224 3867 1351 3922 Curiones
1368 3872 1396 3925 in
1410 3873 1475 3944 jors
1493 3892 1564 3926 caes.
1582 3895 1651 3930 rom.
1676 3895 1725 3942 pso
1751 3878 1858 3932 tributis
1885 3883 2038 3946 capiuntur.

355 3953 539 4006 Auctoritatis
549 3951 737 4021 homonymia.
750 3969 778 4002 n.
791 3952 816 4002 s.
829 3966 900 4021 seqq.
914 3969 995 4021 usque
1007 3952 1047 4006 cd
1057 3954 1100 4006 17.
1257 3971 1284 4005 n.
1304 3957 1348 4010 3⁰.

360 4035 465 4090 Variae
476 4035 643 4100 acceptiones
656 4034 684 4086 in
688 4033 766 4106 jors,
780 4034 857 4092 voca
864 4073 873 4100 ,
897 4038 1061 4091 auctoritatis
1081 4055 1173 4094 sacen·
1222 4037 1337 4106 Aliquot
1349 4058 1486 4098 macaron
1496 4048 1596 4114 specior
1608 4063 1645 4100 ea
1656 4045 1726 4100 dicto
1736 4049 1802 4120 jure
1819 4047 1995 4118 restruatur,
2007 4054 2039 4104 te

395 4127 490 4174 santur
503 4119 532 4170 in
545 4137 619 4194 qups.
634 4136 662 4170 ss.
679 4117 723 4169 11.
1257 4124 1360 4190 quibus.
1373 4141 1399 4176 rs.
1413 4127 1458 4179 31.

359 4204 455 4260 Etiam
474 4221 524 4271 pra
538 4202 671 4258 violentia
697 4205 860 4270 supponitur
882 4205 982 4260 introitu
1004 4207 1176 4262 annositatis
1223 4206 1385 4262 llcmissiuo.
1399 4227 1426 4261 n.
1441 4209 1484 4263 33,

391 4289 524 4355 priuatas,
537 4274 604 4358 duas
624 4287 721 4340 odioso
733 4289 762 4341 in
774 4293 843 4364 jure.
859 4307 884 4340 n.
900 4289 940 4342 tt.
1222 4290 1364 4357 slt‘ngulari
1381 4293 1466 4358 plone
1479 4296 1633 4363 acceptione
1646 4315 1696 4362 pro
1715 4295 1799 4367 pocta
1814 4301 1958 4355 odiribotor
1977 4305 2004 4356 in
2014 4305 2037 4375 j.

358 4371 533 4437 Proponitar
546 4371 697 4441 exemplam
711 4373 882 4426 operositatis
892 4371 1019 4438 proprios
1045 4373 1081 4427 ab
1101 4374 1177 4429 omni
1258 4375 1308 4430 cio.
1320 4383 1346 4428 et
1356 4375 1387 4429 in
1394 4377 1418 4448 j.
1431 4395 1487 4431 can.
1500 4398 1551 4451 pro
1563 4382 1679 4448 psoisno,
1692 4384 1737 4437 nbi
1749 4371 1900 4440 incidenter
1922 4389 1971 4459 pni
1995 4405 2037 4440 sa·

394 4452 522 4505 uiolentia
533 4463 662 4522 purgatas
676 4473 712 4506 eso
724 4455 801 4507 instr.
812 4474 872 4525 poe.
884 4472 943 4509 osn.
957 4474 983 4510 n.
1000 4457 1042 4508 17.
1257 4469 1352 4512 centur
1368 4475 1553 4536 κανοναρχαι.
1566 4483 1591 4518 n.
1605 4468 1654 4518 33.

362 4535 516 4606 Supposirio
531 4537 610 4608 liujus
621 4537 690 4602 loci,
702 4555 754 4610 quo
767 4538 916 4594 auctoritas
929 4539 985 4596 ains
1002 4553 1049 4595 sea
1059 4552 1176 4611 potesta·
1224 4541 1322 4596 aaron
1334 4546 1385 4599 loo
1397 4550 1456 4601 loco
1468 4551 1636 4622 poniturpro
1646 4551 1836 4606 constitutione
1847 4556 2035 4612 ecelesiastica.

397 4632 450 4674 tens
464 4623 585 4676 denotat.
598 4641 625 4674 n.
642 4622 685 4674 ts.
1261 4647 1290 4680 n.
1302 4631 1346 4682 31.

358 4705 404 4758 De
416 4705 593 4774 homonyma
602 4703 688 4773 iuris.
708 4706 853 4760 remissior.
869 4724 897 4758 n.
917 4709 962 4761 13.
1225 4711 1298 4765 Earn
1311 4713 1339 4765 in
1353 4731 1410 4768 rens
1422 4715 1671 4786 regislafirmotar.
1684 4737 1713 4772 n.
1724 4715 1767 4769 stt.

359 4792 487 4855 Acceptis
502 4790 582 4858 nujus
594 4789 660 4854 loci,
670 4809 719 4860 pro
735 4791 878 4858 compieoeu
891 4810 1029 4850 canonum
1053 4797 1177 4876 homoge-
1223 4795 1383 4851 lucidentur
1397 4799 1555 4867 ds'spos'ritar
1566 4799 1632 4868 quid
1641 4799 1676 4852 sit
1687 4801 1870 4857 canonisatio.
1884 4821 1911 4857 n.
1924 4807 1966 4856 33.

398 4891 524 4927 neornsn.
536 4891 563 4925 n.
577 4873 621 4927 30.
1230 4879 1370 4944 Quaestum
1383 4882 1411 4933 tt.
1426 4895 1554 4936 vocentur
1565 4883 1769 4940 canonisotoei'
1779 4903 1805 4938 n.
1821 4887 1866 4938 st.

362 4963 455 5024 Ouore
467 4957 629 5030 dicoturjns
638 4957 817 5029 pontfficiurn.
829 4975 856 5010 n.
869 4958 913 5010 31.
1226 4961 1295 5034 Ejus
1308 4963 1414 5019 decisio.
1430 4983 1455 5019 n.
1472 4968 1518 5019 38.

360 5041 474 5096 Dicitur
479 5041 527 5114 jus
540 5043 703 5096 canonicum
718 5059 843 5112 agnosco
857 5037 993 5098 mooun.
1006 5047 1049 5099 33.
1231 5045 1315 5098 Anne
1344 5050 1517 5104 canonisatio
1559 5051 1611 5104 llus
1640 5050 1745 5121 aliquid
1768 5055 1882 5120 amplias
1907 5053 2036 5109 tribuat?

360 5127 461 5180 Conon
475 5125 673 5192 mstlroplsorice
684 5143 737 5191 pro
752 5127 816 5192 lege.
831 5144 859 5180 n.
873 5131 915 5182 33.
1264 5147 1291 5182 n.
1304 5131 1347 5184 33.

360 5209 467 5267 Dianio
481 5208 611 5263 librarum
633 5227 729 5263 cocras
748 5209 907 5278 Scripturas
932 5213 962 5263 in
986 5213 1135 5269 canonicos
1153 5226 1179 5271 et
1225 5213 1405 5271 canonisatio
1419 5227 1600 5272 mortuorum.
1614 5237 1641 5270 n.
1655 5217 1698 5270 to.

397 5291 574 5360 apocryphos.
587 5307 614 5341 n.
628 5290 672 5343 31.
1226 5301 1304 5350 Inter
1315 5316 1486 5370 augustanae
1497 5297 1676 5368 consessionis
1687 5312 1824 5356 consortes
1836 5304 1948 5356 omnino
1972 5301 2030 5372 reji-

365 5373 509 5443 Quomodo
522 5372 654 5443 differant
663 5375 696 5428 ab
708 5373 831 5429 invisens
845 5377 975 5431 canonici
983 5387 1010 5432 st
1022 5381 1176 5451 apocryphi.
1259 5380 1342 5434 citor.
1356 5401 1382 5435 a.
1400 5383 1447 5436 tt.

399 5475 426 5511 n.
451 5459 496 5512 35.
1225 5467 1264 5516 A.
1276 5483 1299 5519 c.
1312 5485 1335 5520 c·
1349 5470 1405 5538 qui,
1416 5471 1472 5524 sint
1483 5472 1556 5525 inter
1566 5471 1706 5544 theologas
1717 5472 1888 5538 dissuatur.
1901 5491 1927 5528 rs.
1940 5472 1980 5523 13·

361 5543 395 5597 ln
409 5545 571 5684 sensup'uris
583 5563 645 5602 eon.
658 5545 769 5618 quinam
779 5547 836 5600 sint
848 5543 912 5602 libri
920 5547 1048 5606 canonlci
1057 5564 1079 5602 s.
1092 5548 1177 5606 ritua-
1227 5555 1262 5604 ln
1275 5570 1355 5608 sensu
1365 5556 1434 5624 juris
1446 5557 1548 5624 pattici
1568 5557 1798 5628 coenosorum
1813 5559 1876 5614 licet
1888 5559 2025 5634 judicium.

395 5632 441 5688 les·
455 5649 482 5685 rs.
513 5633 538 5685 3.
1262 5653 1288 5688 n.
1301 5637 1344 5690 13.
