4252 6164
353 276 407 332 tut
905 261 1093 326 Dtsw‘rt't.
1110 261 1186 320 illl.
1204 259 1320 319 ctrttt
1338 261 1384 320 iv.
1884 263 1939 319 tta

299 373 369 432 uelit
393 390 429 426 ea
456 383 542 426 cauta
565 373 719 420 contractus
743 359 894 418 arretcritns
912 361 1050 436 jubentia.
1070 362 1122 414 Ubi
1174 359 1303 414 arbitrum
1323 357 1502 413 consensisses
1520 356 1599 428 pretii
1617 358 1728 426 alieuius
1747 359 1881 414 etetuendi
1902 363 1996 424 ceosel

192 460 196 468 '
299 459 380 530 judex
406 453 542 520 utriusque
571 463 701 518 personae
727 463 743 496 o
759 441 820 496 heic
850 441 1022 511 «infringitur.
1048 441 1125 513 Quod
1177 444 1199 494 ei
1221 445 1341 510 iniquum
1361 444 1475 512 pretinm
1498 442 1628 510 dixisset,
1647 445 1812 499 consensisse
1837 461 1867 498 ec
1885 461 1937 498 ocu
1955 463 1993 498 re·

300 558 380 598 nemo
399 536 481 608 parile
499 545 523 586 el
540 533 637 600 iudicis
656 545 793 599 personent
813 526 891 578 eimol
912 529 1044 580 tetstinere
1068 543 1124 594 pos·
1173 529 1316 598 putaheria.
1335 527 1433 580 Eodem
1454 526 1531 580 modo
1545 527 1702 596 licetquned
1719 530 1872 581 mandatum
1885 543 1995 580 moseu-

302 625 348 688 eit,
367 621 398 674 ad
416 629 488 672 ectus
505 616 684 670 coercenttoeee
704 611 899 677 jurisdictionis
918 611 1123 680 pertinentia.
1173 614 1247 674 seris,
1265 613 1326 666 licet
1345 611 1524 667 meministine
1541 613 1738 666 circumrentue
1757 615 1801 678 sit,
1821 609 1995 666 illudeffectn

302 711 325 776 ς.
345 703 420 772 ⁴·ff·
440 701 540 758 adect.
560 699 660 752 trehell.
690 699 721 750 ln
749 695 851 749 eclibtss
877 711 939 748 teto
965 694 1128 748 uoluntariae
1175 698 1225 751 tibi
1247 713 1299 750 unu
1318 695 1440 749 nocebit.
1461 699 1498 748 hc
1515 711 1546 748 ea
1566 711 1627 750 reru
1645 713 1697 748 nou
1724 697 1814 750 minus
1843 694 1997 749 mandatnm

301 786 508 858 jurisdictionis,
528 781 567 834 uti
588 780 630 832 hic
650 789 699 840 est,
721 777 1116 845 iutuituistononprohibetor
1176 780 1352 849 eet,quandn
1384 778 1563 834 mandatarius
1589 779 1786 834 eirenmrentue
1811 791 1848 834 est
1873 779 1997 848 egendo,

303 892 362 945 arg.
380 872 398 922 l·
417 867 491 937 ΜΤ.
509 869 544 924 de
560 867 654 932 adopt.
672 865 690 915 l.
709 882 756 916 un.
775 859 862 930 §.fin
883 862 915 914 de
941 859 994 928 off.
1020 859 1126 912 conrnl·
1175 882 1255 935 qoem
1273 863 1294 917 ei
1319 863 1386 915 citra
1405 862 1525 916 leandem
1544 864 1615 916 tertii
1642 863 1793 916 mandatnm
1819 863 1997 918 exseruisset.

302 956 368 1008 Eece
386 970 447 1006 rero
465 952 585 1006 cumdem
605 947 769 1000 rolnuteriae
786 943 983 1014 jurisdictionis
998 958 1050 994 non
1063 940 1127 992 adeo
1178 949 1207 1000 st
1227 948 1253 1000 in
1272 945 1437 1014 emptionem
1456 947 1534 999 dolus
1554 947 1671 1011 incidit,
1689 963 1789 1000 numne
1814 946 1873 1002 ideo
1898 961 1999 1002 contra·

305 1037 432 1106 ambiges,
451 1035 521 1088 nulla
537 1035 637 1102 quippe
655 1029 780 1096 cognitio,
800 1027 869 1080 nulia
890 1027 1001 1096 partium
1020 1025 1126 1088 citatio,
1177 1043 1234 1084 err„
1254 1033 1313 1086 uti,
1332 1050 1384 1087 που
1402 1030 1462 1086 031?
1480 1035 1513 1086 E,
1533 1035 1571 1087 s„
1589 1034 1661 1088 sm„
1682 1036 1750 1088 ,um
1771 1036 1821 1088 pm
1846 1039 1995 1093 mmmm

305 1123 379 1176 nulle
399 1120 538 1182 sententia,
558 1132 604 1169 ceu
621 1113 823 1177 contrnrereiee,
841 1129 906 1181 quae
925 1111 968 1162 hic
987 1112 1058 1164 nuile
1077 1120 1127 1171 est,
1178 1117 1291 1186 ,meod
1311 1116 1409 1168 ufbm,
1426 1115 1516 1170 dm„
1538 1118 1641 1172 obem,
1660 1121 1763 1172 „upum
1782 1123 1874 1188 poam
1893 1139 1935 1188 w,
1952 1138 1999 1176 m

306 1205 408 1258 decisio
436 1200 616 1263 desideretur,
641 1196 688 1248 sed
713 1206 801 1266 portes
825 1196 972 1248 voluntarie
997 1195 1030 1247 ed
1056 1205 1127 1246 ectus
1177 1199 1244 1250 mibi
1263 1200 1383 1263 obiecto,
1408 1199 1484 1252 modo
1505 1201 1583 1254 leeris
1602 1201 1718 1255 remedie
1737 1204 1806 1258 eerie
1825 1206 1881 1273 jue.
1904 1221 1999 1274 euppe.

306 1287 500 1344 eubsirtentiam
520 1282 750 1337 etauctoritatem
783 1297 811 1332 ee
835 1277 1018 1330 submittunt.
1044 1277 1127 1330 Multo
1176 1280 1266 1334 ditent.
1287 1283 1415 1334 numenei
1435 1283 1712 1354 tuquehypoehmfl,
1733 1285 2000 1340 benemerentem..

307 1377 398 1429 minut
417 1373 559 1440 teplitmlm
591 1376 682 1418 “llll‘'
711 1381 752 1415 ΝΘ
781 1361 920 1432 quicquam
948 1359 1044 1412 interr:
1074 1360 1129 1429 lp&
1178 1367 1228 1418 lene
1242 1383 1310 1432 esse,
1323 1383 1375 1419 noo
1387 1385 1446 1422 sero
1460 1369 1568 1440 legalem
1582 1372 1637 1426 siee
1650 1373 1826 1426 etetuterieen·
1838 1370 1889 1426 Sed
1903 1372 2000 1425 debon

308 1475 361 1511 aco
380 1452 551 1516 crediderim,
570 1466 725 1518 quemquem
747 1448 775 1498 iu
795 1447 834 1496 sui
854 1445 1044 1513 praejudicium
1069 1459 1125 1496 cou·
1178 1451 1465 1521 miegpeooedendum
1478 1471 1549 1510 m,
1569 1456 1603 1510 ,d
1628 1455 1815 1529 impppfioui,
1832 1456 1910 1526 huju
1927 1457 2002 1510 dm·

308 1555 456 1604 ecosurum,
475 1548 502 1589 et
522 1534 584 1587 inde
601 1533 661 1585 licet
681 1529 781 1583 iraudis
798 1530 911 1595 alicuius
936 1531 1043 1600 ignerus
1067 1545 1129 1582 eon·
1178 1535 1291 1590 cubet„
1308 1534 1441 1592 effecum„

322 1621 556 1693 materterarum
575 1627 661 1674 tamen
678 1614 840 1670 museusisse
860 1631 913 1668 unu
932 1625 1042 1685 putetur.
1056 1613 1085 1666 si
1100 1612 1128 1664 in

988 1775 1236 1848 CAPUT
1282 1781 1343 1854 IV.

653 1959 707 2026 De
729 1956 852 2048 effectu
876 1949 1110 2048 inscriptionis
1134 1956 1370 2026 clanculariae
1393 1957 1650 2028 Sedineneinm.

1181 2134 1272 2182 teeteto
1288 2129 1361 2182 locus
1377 2131 1513 2199 aperiatur
1530 2132 1581 2204 (l).
1600 2133 1677 2204 Quod
1700 2132 1782 2202 jadex
1805 2135 1874 2199 loci,
1897 2134 1926 2190 ia
1947 2155 2002 2209 quc

1180 2220 1327 2266 contrectas
1345 2212 1508 2280 celebratur,
1529 2218 1569 2270 uti
1588 2218 1617 2272 in
1637 2230 1727 2272 aosttc
1743 2235 1804 2272 essa
1828 2231 1933 2290 praetor
1958 2237 2001 2274 se·

1179 2303 1309 2365 dioensis,
1325 2303 1476 2373 uedtiquem
1495 2305 1558 2359 eden
1574 2307 1661 2376 ample
1679 2307 1791 2374 geoden
1809 2317 1949 2375 potestate,
1967 2315 2002 2360 ut

1179 2403 1220 2440 ree
1238 2388 1393 2456 peregrinae
1410 2390 1512 2442 lotioni
1533 2390 1659 2454 subjectas
1675 2385 1784 2444 efficere
1800 2390 1892 2454 releetg
1910 2399 1937 2442 et
1951 2403 1999 2458 pea

1178 2488 1338 2541 coneeqceos
1355 2489 1457 2542 quoqne
1476 2473 1647 2543 hypothecam
1667 2491 1720 2528 non
1739 2473 1907 2528 constituere.
1920 2471 2002 2526 Retio

1177 2566 1217 2608 eet
1234 2555 1262 2607 in
1280 2552 1337 2623 l.s.
1346 2554 1388 2624 ff.
1407 2556 1440 2610 de
1451 2557 1553 2628 jrrrisd.
1569 2558 1638 2628 quad
1657 2557 1738 2624 judici
1752 2565 1826 2610 extre
1838 2555 1999 2612 territorium

1179 2641 1290 2710 impune
1315 2657 1367 2694 noa
1393 2653 1525 2711 pareatur.
1551 2643 1661 2714 iusuper
1687 2644 1855 2714 magistratus
1881 2653 2001 2714 potentes

1176 2725 1242 2778 adeo
1259 2733 1299 2777 est
1316 2735 1449 2789 coarctate,
1468 2735 1498 2778 nt
1517 2729 1683 2796 peregrinum
1699 2729 1815 2799 aliquem
1828 2729 1931 2798 pupillo
1945 2727 1997 2784 sub

548 2132 893 2189 ultumam

316 2305 443 2378 Effectus
468 2299 653 2370 inscriptionis
674 2297 877 2352 clanculariae:
902 2295 1051 2367 hypotheca
1067 2295 1131 2350 talia

345 2391 421 2442 hona
438 2404 543 2455 qunque
560 2393 639 2436 extra
665 2379 830 2434 territorium
855 2378 909 2433 rita
937 2379 1041 2448 afficit:
1066 2397 1130 2434 con·

344 2472 436 2526 traria
455 2481 481 2524 ct
499 2467 630 2537 negativa
655 2473 816 2535 argumenta
834 2473 930 2528 reptem
956 2460 1129 2532 afferuntur.

309 2563 514 2714 etsilrinnttone
537 2633 675 2690 reetentia
699 2629 866 2699 defenditurr
891 2630 1056 2699 hypothecae
1071 2645 1128 2682 aon

343 2747 371 2782 se
382 2723 519 2780 coarctari
530 2719 688 2790 permittunt
701 2715 829 2770 cancellis
841 2716 918 2768 t'etiua
929 2713 983 2766 luci
1000 2713 1047 2768 uli
1062 2730 1126 2764 con·

344 2820 465 2866 tractare
477 2809 615 2862 rntinnee:
629 2806 659 2856 t'n
672 2800 774 2856 actibue
782 2795 1129 2870 coluntnrt'aejurisdictio·

345 2894 501 2948 aisetututn
515 2888 710 2942 retenduntur:
731 2892 831 2940 natura
851 2881 1028 2952 uolrtntarine
1042 2878 1125 2948 jurie-

344 2977 485 3032 dr'ctionie:
498 2982 597 3026 etntmn
608 2988 661 3042 pun
675 2987 740 3024 casu
761 2968 844 3022 etiam
860 2967 929 3020 ciret
948 2972 1028 3018 eretrn
1048 2960 1128 3016 terri-

348 3063 449 3117 torium
463 3056 617 3112 extendant.
631 3059 653 3116 i.
665 3052 691 3105 2.

306 3148 438 3204 Stututum
450 3142 592 3196 telinense
611 3146 678 3208 duct
701 3132 788 3190 madri
806 3132 984 3203 hypothecam
1001 3147 1128 3200 praesup-

339 3239 441 3304 ponat:
456 3224 637 3294 respondetur
644 3233 744 3292 reptem
756 3215 847 3273 deliis
859 3227 885 3270 et
897 3215 1032 3284 reegaticie
1045 3230 1115 3282 argu

346 3311 488 3384 menne
502 3312 529 3364 c.

310 3491 332 3548 ς.
352 3481 378 3538 1.
396 3429 556 3536 probatura
575 3495 609 3534 ex
626 3473 786 3532 cleaculerie
810 3469 983 3541 inenriptione
1007 3466 1130 3540 hypothe-

311 3583 369 3618 eem
387 3563 616 3618 conceptionalem
635 3561 711 3625 oriri,
730 3567 826 3628 sponte
843 3573 890 3608 ene
907 3563 1053 3623 sequuntur
1070 3551 1129 3606 effe·

309 3659 377 3712 ctcst
394 3661 487 3700 omues
507 3654 594 3696 temen
614 3643 657 3695 hic
676 3657 811 3694 recensere
828 3654 922 3710 operae
941 3638 1057 3706 pretium
1076 3654 1127 3691 nno

310 3743 361 3786 eet.
379 3728 537 3783 Potissimue
556 3727 583 3780 in
603 3743 636 3780 eo
660 3725 779 3787 ridetur,
802 3723 871 3794 quod
898 3721 1040 3792 hypotheca
1065 3738 1127 3774 ecu-

311 3813 470 3868 teotiouelis
488 3809 557 3864 dicto
578 3807 654 3862 modo
673 3808 830 3870 constituta,
849 3805 916 3859 boae
935 3821 1036 3874 quoque
1055 3815 1129 3860 extre

309 3897 473 3950 territorium
493 3896 543 3950 site
561 3890 669 3947 eiiciat.
689 3889 719 3944 si
744 3890 949 3945 conventionalia
973 3889 1129 3960 hypothecae

308 3979 416 4035 effectus
434 3979 457 4032 ie
473 3979 502 4030 io
520 3995 616 4048 genere
632 3976 724 4042 eadit,
743 3975 805 4029 huic
828 3975 909 4031 etiem
936 3973 1063 4044 denegare
1087 3990 1130 4026 ne

308 4065 374 4133 quit.
391 4061 457 4116 Cum
477 4072 563 4116 temen
580 4070 733 4130 argumente
751 4059 778 4112 iu
796 4059 954 4114 ccotterium
974 4076 1027 4111 uon
1051 4071 1129 4127 perte·

312 4147 484 4210 occurrerint,
501 4146 572 4216 apud
592 4144 708 4198 animum
726 4140 846 4196 couetitui
866 4157 953 4194 meum
971 4137 1070 4203 eedem,
1088 4140 1127 4192 di-

312 4232 429 4288 lucidare
446 4232 498 4304 (i.)
514 4231 634 4296 ridetur,
652 4226 720 4298 quod
738 4227 802 4280 iicet
818 4235 911 4282 etetnte
936 4223 1039 4278 ratione
1063 4226 1129 4278 sole·

1177 2824 1220 2860 ena
1240 2807 1422 2874 iurisdictione
1439 2808 1545 2878 degenti
1572 2821 1685 2866 tutorem
1703 2813 1767 2866 dere
1791 2814 1944 2882 aenaea-l.
1970 2814 2000 2866 3.

1177 2887 1312 2957 etll.ffi
1329 2891 1428 2944 delui.
1445 2901 1473 2944 et
1490 2907 1546 2946 nur·
1566 2895 1627 2948 etl.
1646 2898 1670 2949 1.
1690 2893 2002 2968 §.ldffdemape'strs

1176 2989 1259 3026 canu.
1278 2971 1343 3026 Cum
1364 2989 1425 3027 eerc
1442 2993 1455 3028 e
1475 2977 1596 3045 personia
1620 2977 1651 3030 ed
1677 2995 1718 3032 res
1741 2979 1845 3048 optime
1867 2979 2002 3048 procedet

1176 3057 1374 3127 consequentia,
1386 3058 1604 3128 queruednsodum
1617 3061 1710 3130 probat
1720 3059 1886 3119 Ererhsrdus
1897 3064 1926 3116 in
1940 3065 1997 3119 loe.

1176 3149 1230 3205 top·
1248 3141 1308 3194 luen
1326 3160 1343 3192 n
1358 3156 1478 3206 perrona
1498 3143 1536 3196 erl
1553 3157 1611 3206 res,
1630 3143 1690 3198 iden
1709 3161 1758 3200 nec
1776 3163 1831 3200 rere
1845 3147 1909 3201 alibi
1920 3147 2001 3201 sitem

1178 3224 1281 3294 pignori
1297 3225 1360 3276 dere
1370 3225 1467 3279 eetehtt
1478 3224 1530 3299 (3,)
1547 3229 1623 3297 Quod
1636 3238 1760 3286 statutum
1775 3241 1905 3303 temqnem
1918 3235 1998 3287 odio·

1178 3324 1250 3374 snm,
1268 3307 1330 3361 dum
1349 3325 1382 3362 eo
1401 3309 1511 3379 reliquie
1535 3312 1762 3369 moerentueitne
1786 3317 2003 3386 pmejudicatur,

1178 3410 1231 3448 una
1249 3394 1286 3448 eit
1303 3395 1518 3461 extendendum,
1537 3397 1582 3450 sed
1600 3400 1688 3468 potine
1706 3397 1918 3471 restringendum
1945 3401 1999 3472 (l).

1177 3476 1256 3547 Quod
1273 3495 1322 3532 nen
1339 3489 1469 3533 arrestum
1487 3479 1520 3536 de
1544 3482 1602 3549 jare
1626 3482 1750 3536 eexnnicn
1776 3493 1802 3537 et
1823 3485 1907 3538 cessio
1929 3485 2001 3538 ecle-

1177 3562 1249 3616 rauie
1266 3561 1376 3630 dejure
1393 3561 1538 3628 lubecensi,
1555 3581 1613 3617 onus
1632 3564 1730 3634 quibus
1749 3572 1836 3618 tamen
1855 3575 1881 3620 et
1898 3563 1956 3620 fine
1968 3576 2001 3622 et

1177 3643 1271 3700 ellectu
1291 3645 1446 3700 clancularia
1466 3647 1610 3718 inscriptio
1627 3647 1770 3702 contenire
1787 3649 1911 3713 ridetur,
1929 3649 2000 3702 hene

1175 3729 1512 3786 alentionemadmitteut.
1523 3731 1615 3786 iacob.
1624 3731 1723 3786 Schult.
1740 3741 1844 3800 quaest.
1853 3741 1940 3799 praet.
1951 3731 1999 3787 tt.

1176 3819 1260 3870 n.11.
1276 3826 1302 3868 et
1312 3833 1384 3887 repe.
1398 3818 1475 3869 nom.
1488 3817 1558 3869 Mer.
1568 3816 1601 3868 de
1611 3813 1721 3870 arreetir
1731 3831 1754 3868 c.
1768 3813 1813 3866 27.
1826 3832 1856 3866 n.
1866 3813 1913 3867 20.
1922 3815 2000 3870 Prae·

1177 3908 1245 3953 terea
1258 3898 1303 3970 (b)
1315 3917 1373 3954 cum
1385 3898 1466 3972 judex
1479 3899 1529 3951 inei
1541 3909 1687 3954 contractus
1705 3915 1761 3952 rere
1779 3898 1808 3951 in
1822 3899 1909 3952 alieno
1920 3902 1999 3954 terri·

1177 3983 1243 4038 torio
1260 3986 1338 4038 sitem
1357 4001 1404 4055 per
1424 3985 1610 4039 alienationem
1629 3981 1736 4037 afficere
1761 3993 1877 4053 neqeseat.
1901 3985 1962 4041 lob
1982 4007 1998 4040 e

1177 4067 1262 4123 Saudo
1276 4070 1304 4121 in
1314 4065 1467 4138 ‹lecinsrin
1479 4069 1498 4122 l.
1513 4067 1537 4120 l·
1553 4079 1572 4120 t.
1587 4069 1613 4120 1.
1625 4068 1678 4121 dec
1693 4066 1734 4119 il.
1759 4069 1905 4137 Sequetur,
1922 4069 1998 4138 qnod
2015 4135 2020 4142 .

1177 4169 1226 4206 neo
1236 4151 1302 4206 boue
1313 4149 1418 4220 pignori
1430 4150 1492 4205 dere
1504 4149 1601 4219 poesit,
1619 4147 1750 4219 siquidem
1770 4165 1827 4202 rem
1842 4148 1937 4203 bebere
1954 4149 1997 4203 ei·

1177 4236 1261 4299 delur,
1273 4236 1318 4306 qui
1330 4236 1457 4290 actionem
1469 4232 1502 4288 sd
1515 4249 1571 4285 cem
1585 4231 1672 4285 hehet.
1685 4233 1704 4284 l.
1717 4229 1807 4300 taff.
1817 4233 1850 4286 de
1864 4250 1886 4284 r·
1899 4232 1928 4302 1'.
1947 4233 1999 4304 (6).

311 4315 449 4372 mulinum
468 4333 496 4370 *θ
511 4315 544 4368 “¹
563 4314 629 4366 ΒΜ*
648 4320 720 4366 ‘¹²¹¹
737 4309 901 4366 ῑθΐῐῖῑθῐῖὓῦ
919 4307 1129 4373 ⁸3¹⁸21¹⁸⁰¹¹¹⁰¹i
1177 4319 1252 4388 Quod
1265 4321 1346 4387 index
1359 4314 1666 4371 ienmiseioneminbona
1679 4324 1752 4368 extre
1765 4311 1933 4367 territorielia
1949 4314 1999 4369 de.

312 4401 362 4454 hoc
381 4411 467 4454 tameo
486 4397 603 4454 icrteseie
622 4395 655 4448 ‹in
673 4405 760 4448 nostro
785 4403 882 4448 atetuto
906 4391 1051 4462 praedicari
1077 4407 1128 4444 nott
1176 4400 1365 4454 eernereheud
1380 4395 1765 4466 eeleet,ergcueejudicielem
1780 4395 2001 4467 tosiehypnthe·
2084 4403 2087 4408 '

314 4483 409 4555 poenit,
427 4499 488 4536 cum
507 4480 684 4534 colemnitates
702 4476 755 4530 eint
772 4478 918 4546 quelitstcs,
931 4495 995 4546 quse
1013 4475 1130 4545 praecal-
1177 4499 1234 4538 cem
1246 4483 1415 4537 constituere.
1992 4513 1995 4524 .

313 4567 437 4621 atentiam
456 4568 503 4634 rei,
521 4567 562 4620 cui
580 4561 717 4624 accedunt,
735 4562 883 4632 requirunt,
899 4577 964 4631 quae
980 4570 1067 4613 temen
1087 4559 1130 4612 bic
1211 4563 1241 4635 §-
1255 4565 1281 4616 Ἃ.
1299 4563 1473 4618 caeterumsi
1492 4564 1556 4617 haee
1574 4572 1598 4617 et
1619 4562 1717 4617 similia
1728 4601 1738 4630 ,
1760 4563 1856 4636 quibus
1881 4566 2000 4636 nepetiee

311 4651 356 4707 six
374 4649 547 4721 praesuppooi
567 4655 668 4718 potest,
683 4643 744 4698 dum
765 4644 929 4715 hypotheca.
948 4645 989 4694 eui
1009 4641 1130 4696 accedere
1177 4647 1306 4703 sententie
1319 4645 1507 4717 quadamtenne
1528 4646 1645 4700 etebiliri
1664 4647 1782 4711 ridetur,
1800 4649 1834 4702 ed
1857 4651 2000 4704 rectinrettt.

313 4735 456 4800 deberent,
476 4737 581 4786 demum
600 4739 660 4800 past
678 4728 893 4797 implorationem
913 4726 1049 4780 creditoris
1066 4744 1127 4778 oon·
1177 4732 1269 4802 judicii
1283 4746 1399 4786 revocem
1411 4731 1527 4792 lancem,
1546 4746 1576 4782 re
1593 4730 1651 4796 ipse
1668 4732 1791 4800 experior
1801 4769 1810 4796 ,
1826 4749 1855 4786 ea
1874 4733 1939 4785 reete
1958 4732 2002 4783 tn.

317 4817 447 4872 atituitnr.
466 4815 582 4880 Accedit,
598 4813 667 4882 qrrod
686 4812 774 4883 pntiue
792 4829 848 4864 rem
870 4813 953 4882 ipram
972 4805 1080 4863 allicere
1096 4811 1132 4861 ri·
1178 4814 1265 4872 hemis
1290 4813 1340 4866 uiti
1359 4811 1555 4878 fundamentis,
1573 4811 1685 4884 ideoque
1706 4817 1776 4868 selrn
1801 4814 1872 4868 eliud
1888 4815 2000 4866 eentieo·

318 4903 429 4968 dcetur,
446 4901 507 4954 dum
527 4915 573 4968 per
591 4897 656 4950 illud
676 4913 705 4948 re
722 4907 794 4950 entee
813 4894 896 4950 libere
917 4895 1038 4964 pignoris
1063 4909 1131 4947 nexu
1180 4901 1245 4954 rium
1263 4895 1373 4966 indicio,
1390 4892 1593 4959 eii'trsnetiram,
1611 4915 1688 4966 queue
1709 4905 1840 4966 tamqnam
1860 4899 1999 4950 rectiorem

318 4989 446 5042 obstricta
464 4989 504 5054 jue
524 4983 551 5035 in
569 4997 599 5034 re
623 4978 808 5042 cooetituitue;
832 4986 933 5030 constet
956 4989 1062 5042 eutem,
1085 4991 1131 5029 ex·
1180 4983 1337 5053 amplector,
1352 4990 1479 5049 queteuus
1496 4996 1546 5049 pro
1565 4981 1705 5047 exiguitate
1730 4980 1834 5048 ingenii
1858 4975 1920 5032 beri
1934 4993 2000 5049 pote·

318 5071 435 5124 lensioni
454 5069 500 5118 teli
520 5065 550 5117 ia
568 5063 670 5117 suturis
688 5061 802 5114 realibus
825 5061 911 5114 lucum
938 5076 991 5114 acu
1009 5059 1133 5123 coacedie
1181 5067 1227 5131 eit,
1239 5063 1388 5119 rationibus
1399 5062 1573 5118 eniidioribue
1586 5062 1753 5117 corroborare
1764 5062 1858 5116 enitar.

315 5153 385 5222 quod
402 5147 554 5204 coinfirmari
578 5149 685 5202 ridetur
702 5145 736 5200 eh
754 5145 811 5217 ipsc
828 5144 898 5200 Gsil.
915 5145 934 5198 l.
951 5146 977 5196 2.
995 5143 1050 5198 aba·
1071 5141 1135 5196 tlt.
1217 5148 1338 5200 Testetur
1354 5153 1440 5201 entem
1453 5145 1498 5216 (l)
1511 5145 1568 5216 ipee
1582 5143 1759 5216 experientia,
1771 5145 1820 5198 bcc
1831 5143 1920 5210 robur,
1931 5143 2001 5198 bene
2054 5145 2057 5149 ’

315 5254 345 5286 rr.
365 5235 408 5285 13.
427 5230 554 5300 Exemplo
571 5229 718 5284 testamenti
735 5223 852 5283 filiiiem.
870 5229 919 5282 hoe
937 5229 1026 5290 euim,
1044 5243 1121 5297 quem
1179 5230 1233 5288 eim
1252 5229 1332 5283 etiam
1352 5229 1463 5301 priretie
1487 5227 1575 5283 ineeee
1593 5229 1765 5301 hypothecie,
1783 5237 1813 5282 nt
1829 5245 1857 5282 ee
1881 5231 2005 5282 macellis

317 5315 456 5369 admodum
482 5315 520 5368 ibi
546 5313 675 5378 traditur,
694 5311 834 5366 necandum
858 5311 908 5364 loci
932 5319 1029 5364 etetute
1047 5309 1135 5364 cnudi·
1182 5313 1260 5366 istius
1277 5315 1339 5377 loci,
1357 5313 1401 5368 nbi
1421 5321 1577 5368 contractae.
1591 5314 1660 5367 henrl
1681 5314 1807 5367 coernteri
1832 5315 2002 5383 permittent,

319 5410 375 5452 tum
395 5402 497 5453 ratione
514 5394 688 5450 solemnitatie
704 5394 811 5464 quidem
830 5393 858 5446 in
874 5393 1009 5456 aliniaco,
1024 5391 1070 5444 ubi
1082 5394 1136 5463 pla·
1182 5397 1228 5450 eed
1246 5397 1428 5452 latiueetlelie
1446 5397 1525 5452 etiem
1547 5398 1602 5452 loca
1621 5395 1780 5469 dieepentir,
1792 5397 1910 5468 inibique
1932 5399 2004 5452 circe

321 5499 362 5534 ret
381 5483 560 5536 eciemltilaiel
578 5481 762 5552 requiruuittt',
779 5478 919 5539 subtilili,
937 5476 1045 5528 inierim
1070 5475 1135 5529 11]εο
1182 5499 1224 5536 ree
1239 5481 1366 5552 obligent
1385 5500 1445 5537 eune
1457 5482 1599 5538 mendene
1611 5485 1690 5548 eim,
1702 5480 1877 5537 confirmate
1890 5483 1917 5534 id
1931 5483 2004 5537 Gaii.

319 5565 414 5622 eliicna
435 5586 485 5624 non
505 5577 560 5631 eet,
579 5576 606 5619 nt
623 5564 656 5618 ed
675 5564 742 5618 boue
760 5561 909 5616 immobilia
933 5573 1003 5614 extre
1028 5563 1132 5617 territo·
1182 5564 1200 5617 l,
1214 5563 1239 5616 2.
1253 5565 1309 5618 ale.
1329 5566 1392 5619 tta.
1406 5565 1554 5621 bbenrdum
1567 5567 1655 5636 itaque
1667 5578 1742 5630 eeeet,
1764 5563 1832 5637 qmd
1859 5565 1916 5635 ipse
1937 5581 2002 5634 gen·

318 5653 362 5708 riu
374 5675 388 5704 u
407 5653 453 5710 rite
470 5652 631 5709 extendetur.
644 5649 696 5706 Sed
713 5649 796 5722 quoed
815 5648 861 5702 ille
879 5646 1037 5704 euocessioni
1051 5649 1083 5704 eb
1097 5648 1153 5704 iu.
1183 5648 1249 5704 tium
1262 5650 1320 5721 jure
1329 5650 1444 5724 priuatis
1458 5649 1591 5720 tribuant,
1603 5651 1711 5722 publico
1725 5649 1909 5720 magistratui,
1927 5652 2004 5718 cujus
