4252 6164
693 263 743 318 DF.
761 259 960 344 monottUtt
980 265 1199 324 cttvnttsttttt
1224 281 1286 324 arc.

1724 267 1776 324 ost
1848 251 1851 256 '

159 357 347 430 praerogatiua,
364 367 506 416 transeunt.
526 375 585 430 erp.
602 377 695 414 eorum
714 381 784 430 puae
799 365 830 416 de
846 363 976 420 Getdricir
1031 369 1125 430 Recte,
1144 379 1183 420 tos
1199 362 1362 418 Sudetsalssrr
1379 360 1565 424 bebo-ttulit,
1583 361 1632 414 tud
1648 381 1696 416 scu
1715 362 1848 434 sudergo-

110 439 244 510 bissuds's
263 444 345 498 dubet
363 462 377 494 s
396 445 482 496 Saode
501 443 527 497 d.
545 445 564 496 1.
589 444 614 514 ς.
639 445 665 498 1.
691 463 767 500 rsurn.
792 448 816 496 3.
845 447 977 500 namuri
1031 451 1076 502 eds
1094 455 1222 504 Recbten.
1247 450 1305 502 Tou
1321 445 1477 514 Sudelpobts
1492 448 1571 504 Lrlsn,
1594 447 1730 510 nectareo,
1759 448 1797 507 ael
1816 458 1848 506 et·
1882 491 1892 505 ,

154 525 245 580 insius
263 544 341 595 supra
362 526 523 592 deductum,
543 525 624 580 Cliria
644 531 716 597 regni
735 529 903 596 lotharingici
920 548 977 598 par·
1034 533 1085 584 iarn
1105 546 1146 588 sut
1165 531 1368 598 Zutplsenselren
1387 529 1674 582 soret-Letootuetre
1688 531 1727 580 tel
1741 527 1849 583 todeca

154 621 209 664 tem
229 611 295 664 olim
315 612 502 675 coustituit,et
518 612 635 678 ejusdem
649 615 783 680 juriacum
802 614 913 682 telpicis
927 631 983 683 pro
1031 618 1205 673 Sudet-leur
1225 627 1275 668 tot.
1294 613 1393 682 Zutplt.
1411 611 1539 664 ltectueo.
1557 611 1709 664 EiuSattel
1721 613 1796 664 Lclm
1807 630 1846 662 ro·
1866 627 1902 679 32

154 695 256 748 siueiis
274 693 327 752 luit
345 703 474 762 reputata.
493 707 667 748 assernsuee.
693 695 846 748 brandenb.
871 697 899 748 t'rt
924 698 982 748 duc.
1032 711 1106 754 catus·
1126 702 1194 771 quud
1213 700 1378 753 seruitiorum
1399 695 1544 754 leutlaliurrt
1565 697 1730 765 lococqnum
1751 698 1849 750 instru-

156 779 297 832 loretto.
312 790 396 830 munt.
408 778 509 846 etcfb
532 777 561 830 irs
572 779 759 848 prirae.sicquc
770 777 929 831 Francorum
943 782 983 846 jus
1033 798 1103 836 etum
1124 795 1246 855 praestat.
1266 783 1368 837 Fcider.
1386 799 1400 832 ι
1421 779 1506 834 sande
1524 795 1604 850 saepe
1622 781 1648 832 al.
1666 782 1725 834 locu
1738 782 1764 846 §.
1781 782 1803 832 ³.
1817 781 1846 832 in
1865 768 1901 819 ⁶³

104 870 137 922 u
155 877 215 912 eum
237 863 348 930 reliquis
367 865 423 926 ejus
444 871 540 913 tractus
559 861 711 929 regionibus
730 863 842 928 agnouit.
860 862 894 914 Et
919 864 981 916 licet
1027 867 1081 935 fin.
1098 869 1259 938 Ssttelsreyc
1281 869 1444 918 Gtiterrero
1462 864 1587 916 dicuutur
1606 863 1703 916 bonaa
1732 864 1776 914 tali
1797 881 1848 916 ses·

159 944 326 1013 pedetentim
344 943 471 1013 quaedam
491 945 542 996 alia
562 945 617 1009 jura
635 945 824 998 consuetudine
842 950 983 1016 receperit,
1034 954 1099 1006 sitio
1119 953 1265 1012 immunia.
1288 952 1418 1002 Dominus
1439 947 1597 1016 Cunriupius
1616 948 1721 1017 quidem
1740 949 1772 1000 de
1790 949 1848 1002 ori-

157 1038 185 1082 et
204 1050 219 1082 a
240 1031 324 1082 reteri
343 1029 573 1098 jnrelt'raucornm
594 1033 622 1082 in
647 1031 804 1100 quibusdam
832 1035 984 1097 recesserit,
1030 1034 1094 1101 piae
1114 1039 1139 1090 1.
1152 1036 1303 1106 germanici
1318 1053 1341 1086 c.
1362 1036 1388 1086 t.
1404 1052 1430 1096 p.
1450 1033 1494 1084 ³3.
1513 1023 1850 1100 autumaniroperitedot·

157 1115 189 1168 itt
207 1115 418 1168 successionibus
438 1125 524 1168 tsmcn
544 1127 568 1168 et
586 1113 630 1168 ubi
650 1115 812 1178 immutatio,
831 1133 896 1184 quae
922 1115 982 1170 laeti
1033 1115 1145 1187 telsreye
1167 1120 1250 1172 Gitter
1268 1122 1297 1170 in
1316 1115 1458 1172 Germanis
1478 1116 1633 1184 nuncupari,
1651 1132 1709 1166 cum
1729 1115 1850 1168 Suulre-

158 1206 211 1260 est,
230 1196 320 1249 doceri
340 1215 393 1250 nott
414 1208 511 1266 potest,
534 1215 583 1267 pro
600 1199 709 1267 antiquo
727 1201 796 1266 jure,
813 1217 865 1268 qno
883 1200 984 1251 imbuis
1027 1220 1064 1270 γι
1085 1203 1169 1256 Glires·
1187 1203 1240 1254 dioi
1267 1201 1429 1254 debuissent:
1456 1216 1547 1252 serunt
1572 1201 1637 1252 licet
1666 1199 1694 1250 iu
1721 1199 1850 1266 superiori

156 1279 220 1344 init,
241 1299 348 1352 semper
366 1284 560 1352 praesumitur,
578 1293 604 1336 et
624 1285 651 1336 in
672 1285 753 1337 dnbio
770 1286 803 1338 sd
823 1286 852 1338 id
871 1288 981 1339 recurri-
1033 1286 1177 1338 Gerrusuia
1194 1287 1321 1356 quaedam
1340 1287 1397 1350 eius
1417 1285 1534 1336 nominis
1552 1293 1713 1348 occurrant,
1733 1299 1798 1350 qnae
1817 1281 1849 1334 ab

103 1369 140 1422 ⁵5
161 1375 213 1416 tnr.
232 1363 287 1416 Nee
299 1367 383 1430 obest,
396 1368 466 1436 quod
481 1365 593 1418 formula
607 1367 652 1420 tiso
665 1368 816 1422 creciacum
828 1369 984 1422 diors-Lelos
1032 1373 1157 1424 omnibus
1175 1373 1299 1426 oneribus
1316 1379 1379 1422 snut
1397 1387 1490 1434 cacus,
1511 1385 1563 1418 nun
1584 1378 1669 1418 tamen
1689 1367 1751 1420 inde
1770 1366 1849 1420 inler-

159 1448 283 1500 sidcstur
302 1450 386 1500 solnm
406 1465 494 1500 mares
512 1449 665 1513 admittere,
680 1467 733 1502 non
754 1448 896 1516 foeminam
916 1451 945 1503 id
963 1468 985 1503 e·
1035 1471 1063 1508 re
1080 1465 1130 1520 est,
1149 1473 1200 1506 non
1221 1455 1334 1507 inveniri
1353 1465 1375 1506 ct
1394 1451 1481 1506 soceri
1500 1445 1667 1519 Sattclsreys
1683 1451 1775 1516 Guser,
1787 1469 1852 1521 quo·

155 1530 217 1580 nisu
236 1531 411 1599 procederet,
430 1531 453 1583 si
473 1531 579 1586 teodoro
600 1533 648 1586 lsuc
665 1534 782 1587 absolute
794 1545 820 1586 et
833 1552 865 1588 ex
878 1552 983 1588 consue·
1035 1557 1094 1592 curn
1113 1541 1141 1592 iu
1160 1540 1303 1594 Germania
1322 1535 1444 1590 tutaturi
1464 1548 1489 1591 ct
1508 1535 1686 1604 sdjaceutibus
1707 1536 1787 1588 terris
1803 1554 1850 1588 nu·

155 1613 494 1683 tndiueLongobsrtlurum
515 1619 739 1672 consideraretur.
759 1617 824 1670 Cum
845 1637 905 1674 sero
923 1637 982 1674 ooo·

1035 1641 1106 1678 mero
1125 1626 1199 1693 plora
1218 1625 1392 1694 reperiuntur,
1412 1639 1478 1690 qnae
1497 1621 1530 1672 sb
1549 1623 1679 1672 instructo
1697 1636 1763 1687 equo
1777 1637 1851 1687 prae·

154 1697 273 1749 suetudo
292 1699 383 1751 barum
404 1702 601 1770 prosiocisrnru
623 1712 650 1753 et
669 1700 829 1755 Francorum
855 1705 897 1772 jus
916 1703 984 1772 quod
1033 1709 1124 1760 stando
1142 1707 1263 1774 quidem,
1282 1705 1327 1760 sed
1348 1722 1398 1756 ttott
1415 1705 1447 1756 ab
1468 1704 1531 1756 aliis
1547 1705 1692 1765 oneribus,
1709 1702 1749 1754 uti
1775 1705 1850 1756 dbol-

158 1781 195 1832 ab
215 1780 407 1836 immemoriali
426 1786 534 1854 penitus
553 1796 670 1855 tempore
688 1798 789 1840 secutae
808 1798 882 1850 astat,
908 1805 984 1856 geos·
1022 1787 1109 1856 srere
1132 1793 1226 1852 Gitter,
1245 1800 1306 1842 sunt
1332 1788 1470 1840 immunia.
1495 1785 1530 1838 Et
1555 1788 1617 1838 licet
1649 1802 1709 1838 nstra
1741 1789 1847 1852 doceat,
1867 1827 1903 1880 Ν

157 1863 257 1915 ιι111ιι
276 1865 406 1918 foeminas
425 1864 613 1920 deficientibus
633 1869 756 1920 masculis
773 1869 911 1934 admittat,
935 1869 985 1922 lor·
1033 1875 1119 1928 sarm
1136 1877 1201 1926 oda
1216 1872 1492 1926 sapiet-Lepn.cneer
1510 1871 1538 1920 iu
1558 1868 1685 1920 immin„
1704 1886 1755 1920 00„
1773 1874 1848 1924 mdc.

161 1947 235 2002 mula
253 1965 359 2018 qnoque
375 1950 440 2002 baec
457 1952 491 2004 de
509 1951 639 2018 substrata
665 1951 773 2005 snstcria
799 1953 982 2020 intelligenda,
1034 1972 1061 2008 re
1080 1956 1244 2023 regulariter,
1264 1956 1292 2006 in
1312 1954 1377 2004 lueis
1398 1969 1457 2004 sero
1477 1952 1526 2014 iis,
1547 1952 1590 2000 ubi
1610 1952 1723 2018 pectorali
1742 1969 1851 2006 consue·

157 2039 187 2082 ct
204 2048 257 2100 pro
273 2034 466 2086 consuetudine
483 2035 599 2102 generali
619 2036 734 2086 locurum
753 2034 913 2105 accipienda.
933 2037 983 2090 Ita·
1033 2039 1124 2092 tndiue
1143 2039 1273 2091 foeminae
1290 2039 1323 2088 ad
1351 2038 1542 2089 successionem
1567 2047 1711 2100 uocantur,
1741 2034 1802 2087 ideo
1833 2053 1849 2088 a

150 2112 230 2166 tione
248 2115 440 2182 requisitionis
459 2116 527 2170 lorte
546 2115 650 2170 inerunt
663 2119 821 2186 masculina,
835 2129 860 2172 et
874 2122 981 2172 masculi
1033 2123 1196 2174 successione
1214 2139 1265 2174 non
1285 2131 1443 2180 arcerentur,
1467 2120 1536 2186 quod
1564 2117 1669 2170 leudusn
1695 2133 1848 2170 concessum

150 2211 271 2266 quoque,
291 2201 420 2266 quamdiu
440 2210 590 2270 supersunt,
605 2199 756 2266 succedunt,
768 2198 909 2255 deficiente
923 2217 982 2256 reto
1032 2205 1069 2256 sit
1087 2214 1127 2256 tot
1145 2223 1178 2258 ert
1197 2206 1337 2274 Srrdelgoet
1357 2221 1403 2273 per
1422 2205 1478 2270 jura
1498 2219 1576 2272 supra
1593 2203 1724 2263 deducta,
1743 2202 1848 2254 nisiex

148 2283 232 2348 prole
251 2285 368 2355 mascula
401 2287 497 2336 aetatis
525 2285 613 2337 habita
646 2300 767 2353 praeroga
780 2285 820 2336 ira
849 2280 983 2337 ioeotoae
1033 2290 1093 2342 aliis
1112 2289 1320 2345 circumstenti'ss
1351 2287 1422 2340 aliud
1453 2297 1573 2338 statutum
1606 2301 1662 2336 esse
1692 2295 1849 2353 appareret..

152 2382 265 2434 quoqne
284 2369 440 2420 succedunt.
464 2367 570 2421 Frider.
599 2387 613 2419 a
645 2367 731 2422 santa
761 2371 798 2424 uri
824 2371 983 2424 consuetud.
1033 2373 1090 2441 Qua
1116 2375 1250 2426 occasione
1273 2369 1408 2424 obsecrari
1438 2381 1571 2430 meretur,
1601 2365 1673 2419 aliod
1705 2384 1761 2420 esse
1789 2365 1846 2418 l'en·
1866 2385 1902 2446 33

84 2463 128 2516 ω
156 2448 255 2500 Geldr.
274 2449 303 2502 d.
321 2452 340 2502 1.
360 2452 384 2521 5.
405 2454 430 2502 1.
449 2470 525 2504 rauna.
543 2453 589 2504 21.
607 2452 697 2504 lmosi
717 2455 982 2524 nouumues,pleri·
1031 2459 1094 2508 dorn
1124 2453 1266 2519 isaacum,
1290 2456 1359 2523 qnod
1388 2455 1569 2506 communium
1603 2449 1771 2504 seruitiorum
1799 2469 1847 2519 pu·

151 2548 206 2600 que
228 2542 321 2584 tamen
341 2533 480 2588 leudistici
499 2536 565 2605 juris
584 2537 705 2590 doctores
724 2537 880 2602 concedunt,
900 2539 983 2592 sicubi
1032 2556 1090 2592 rum
1110 2549 1172 2602 est,
1203 2551 1229 2593 st
1260 2537 1327 2592 iuste
1363 2541 1391 2590 ln
1430 2537 1495 2590 locis
1529 2535 1686 2604 quibusdam
1717 2530 1848 2604 Sauffrey

154 2617 357 2670 cousuetudine
374 2616 505 2670 foeminae
524 2619 555 2670 ad
575 2618 763 2674 successionem
788 2617 861 2671 leudi
886 2621 982 2674 admit·
1031 2625 1197 2692 sppellstur,
1224 2622 1297 2676 eliud
1322 2637 1382 2676 sero
1412 2619 1456 2672 ubi
1487 2619 1545 2685 jore
1571 2618 1729 2672 Ftsucorum
1758 2635 1848 2672 succe-

153 2707 262 2762 tantnr,
281 2701 349 2754 lieet
366 2702 582 2756 investiturarum
603 2704 680 2758 rerba
700 2703 730 2756 in
751 2703 877 2758 haeredes
898 2722 982 2758 mares

1033 2710 1111 2772 ditur,
1130 2709 1169 2762 uti
1189 2710 1215 2760 io
1235 2708 1343 2776 belgicis
1362 2715 1388 2758 ct
1405 2704 1582 2773 sdjaceutibus
1608 2705 1762 2772 prouinciis.
1781 2705 1845 2757 Pra-

150 2796 286 2854 concepta
304 2787 370 2850 sint,
389 2786 521 2839 foeminas
538 2799 623 2840 tarneu
641 2807 655 2840 ι
674 2789 838 2842 successione
858 2791 983 2846 ideonon
1032 2806 1069 2842 es·
1096 2792 1125 2843 in
1151 2801 1328 2844 contnmstcr.
1357 2790 1396 2841 ad
1414 2791 1461 2858 jus
1484 2787 1597 2858 seudule
1621 2787 1650 2840 in
1682 2787 1739 2840 libr.
1773 2789 1798 2839 1.
1819 2785 1848 2856 j.

152 2869 276 2932 excludi,
298 2869 344 2922 sed
365 2889 412 2938 pro
430 2870 619 2923 consuetudine
642 2871 694 2924 loci
721 2872 838 2938 generali
865 2873 985 2926 sdmitti.

150 2953 315 3005 Roseutbal.
332 2951 458 3021 defiud.
476 2971 500 3006 c.
520 2957 547 3006 1.
563 2954 681 3008 conclus.
696 2955 738 3004 tt.
753 2955 842 3023 ibique
854 2956 882 3007 in
895 2969 985 3025 partes

153 3035 264 3104 allegati
283 3047 309 3088 et
326 3055 350 3089 e·
371 3039 399 3088 t.
416 3036 537 3090 conclus.
557 3037 600 3088 tto.
618 3055 695 3092 nuru.
713 3036 738 3087 1.
758 3036 872 3088 Suburll·
890 3043 985 3091 cenni.

160 3119 264 3170 consil.
281 3121 322 3173 bb.
345 3138 421 3174 num.
440 3121 466 3172 9.
484 3121 662 3173 Masculinutu
681 3119 752 3171 enim
772 3130 862 3172 natura
876 3135 919 3171 sua
933 3119 985 3172 loc·

163 3200 300 3256 mininam
311 3204 525 3274 comprehendit,
540 3207 666 3272 usquein
680 3201 895 3256 concessionibus
907 3205 983 3271 prin·

163 3284 264 3354 cipum,
281 3285 421 3354 benignius
438 3286 652 3356 interpretandis
673 3286 776 3356 respuit
792 3285 812 3338 1.
835 3285 878 3337 112.
894 3283 934 3353 ff
952 3285 985 3338 rie

157 3368 238 3437 regar.
252 3370 281 3420 3.
295 3370 436 3422 Schrader.
447 3367 565 3437 deseud·
580 3387 603 3422 c.
618 3370 661 3420 10.
674 3371 762 3424 cnoel.
775 3369 800 3420 li.
813 3388 841 3420 n.
855 3368 898 3422 17.
910 3369 984 3422 Bald.

94 3485 137 3538 57
154 3449 186 3502 s'rs
200 3467 265 3519 cop.
281 3453 317 3506 od
328 3453 535 3506 auditorem.
559 3455 593 3508 ais
611 3453 735 3525 rescrips.
760 3453 862 3506 idcirco
880 3456 986 3522 quando

154 3531 237 3586 lenda
257 3535 288 3586 in
307 3536 379 3587 curia
398 3535 507 3588 clirensi
527 3551 651 3587 concessa
666 3543 728 3586 sunt
747 3535 884 3588 Clevs'sclte
899 3537 983 3599 belin,

149 3614 238 3671 'lena
264 3619 312 3672 tiso
337 3619 490 3672 Cleuisclsers
515 3618 746 3684 Delu-Becbten,
772 3619 905 3672 Cleuisclss
918 3621 984 3674 Mun

152 3701 264 3767 ledae,
287 3702 421 3756 Clcuiscba
444 3706 519 3757 netu
538 3704 587 3758 wie
604 3701 647 3755 die
663 3701 782 3772 gelegen,
796 3701 910 3771 ejusdem
924 3717 984 3754 eon·

96 3771 138 3824 5⁸
156 3781 280 3838 ditionis
298 3788 385 3855 quoad
412 3788 605 3838 successionem
633 3793 807 3854 reputantur.
834 3783 889 3837 Neo
919 3785 985 3838 alins

157 3869 331 3922 condicionis
350 3853 408 3923 anot
426 3869 562 3926 Cleuisclse
581 3867 779 3936 Ftirpffmorcks
796 3870 907 3931 chne,
927 3869 982 3923 cta.

156 3951 249 4004 coetu
266 3953 386 4022 pondige
404 3954 507 4018 lebete,
527 3951 659 4012 Clesisclte
677 3951 981 4016 Dieostmuussdebne,

160 4034 304 4090 Glaeniselte
324 4035 614 4100 discerniculis-lebna,
633 4052 694 4088 natu
712 4034 776 4087 lieet
792 4033 870 4086 leuda
883 4035 934 4087 itta
947 4051 985 4086 ra·

157 4121 237 4170 ticos
255 4115 402 4180 laudemii,
430 4126 509 4187 prout
527 4125 637 4182 romut,
654 4115 695 4169 rel
716 4116 803 4184 potius
821 4116 895 4182 ejus,
913 4115 982 4182 quod

157 4217 212 4268 pro
231 4199 352 4252 sersitiis
371 4201 478 4253 domiuo
497 4201 562 4254 iude
581 4207 742 4270 praestatur,
772 4197 809 4250 ita
840 4185 981 4262 dicautur,

157 4283 206 4334 Fr.
226 4304 241 4336 a
262 4283 359 4336 Ssnde.
378 4283 405 4336 d.
423 4285 442 4336 1.
460 4285 485 4350 ς.
502 4282 529 4333 1.
546 4283 645 4337 rationi
670 4292 756 4335 tameo
782 4280 899 4350 generali
924 4296 982 4332 suc·

158 4367 296 4419 cessionis
316 4368 345 4420 in
365 4368 429 4420 locis
448 4368 483 4420 iis
501 4377 640 4420 consuesse
659 4383 713 4418 uon
732 4365 879 4432 derogatur.
896 4362 981 4420 Cleri·

107 4475 144 4528 ῃ
163 4449 228 4503 retae
245 4451 322 4520 Burs
338 4451 431 4504 Ludos
449 4467 471 4502 s.
487 4449 633 4502 cestrensis
655 4445 736 4500 lenda
760 4464 840 4514 aeque
865 4458 894 4498 ut
919 4445 981 4498 alibi

165 4537 324 4606 plerumque
338 4551 396 4588 esse
414 4534 550 4598 sidentur,
566 4549 633 4602 quas
658 4532 736 4585 alicui
761 4545 880 4584 concessa
905 4542 982 4594 sunt,

164 4629 196 4670 ut
213 4617 294 4670 dnum
315 4619 343 4669 iu
363 4619 457 4670 eastris
475 4614 628 4670 defensione
645 4616 683 4668 sel
701 4613 930 4666 administratione
941 4615 981 4682 jo·

164 4711 219 4766 set,
237 4709 282 4754 snt
302 4699 327 4752 ei
345 4700 463 4764 assistat,
481 4710 524 4752 aut
541 4699 569 4750 iu
588 4715 619 4750 eo
636 4697 737 4750 domini
763 4697 870 4748 nornine
889 4697 928 4762 jus
946 4695 983 4746 di·

161 4795 206 4839 eat
224 4784 379 4839 Ruseotbal.
399 4781 520 4852 descud.
538 4801 560 4835 c.
580 4783 606 4832 2.
624 4799 669 4852 pu.
687 4783 731 4834 tu.
751 4779 781 4835 Et
798 4781 859 4833 licet
876 4779 903 4832 id
930 4781 982 4850 ple·

165 4883 281 4936 rumque
299 4869 473 4920 masculinnm
493 4874 629 4936 reputetur
647 4864 781 4917 Kuicben.
796 4883 823 4930 p.
837 4866 862 4916 1.
880 4881 939 4932 cap.
957 4861 982 4914 1.

165 4969 245 5006 stum.
263 4950 309 5002 tu.
327 4953 373 5002 bic
392 4963 479 5004 tarueu
497 4950 612 5019 ejusdem
638 4964 697 5001 com
723 4948 832 5017 reliquis
854 4949 909 5015 ejns
932 4948 981 5000 loci

114 5039 149 5090 dd
166 5033 255 5088 leudis
273 5049 332 5086 esse
349 5034 479 5099 statuitur,
498 5034 552 5086 nisi
571 5031 691 5102 exceptio
709 5031 847 5083 doceatur.
872 5029 982 5083 Diense-

163 5117 350 5172 name-zeto
370 5134 430 5170 sero
448 5127 475 5170 ιι
493 5117 782 5171 Berrescbeiris-Lelme
800 5114 839 5168 sie
851 5114 879 5166 in
893 5132 920 5168 ιι
932 5112 982 5166 dil-

161 5201 236 5256 icrre
254 5201 390 5264 ridentur,
407 5200 476 5269 quod
495 5201 547 5254 ista
565 5199 620 5254 sint
638 5199 715 5252 leuda
733 5216 785 5252 uon
811 5197 912 5252 nobilia
938 5215 982 5268 ge·

161 5286 252 5340 utrius
268 5284 370 5350 Ledae,
388 5293 415 5338 et
432 5302 483 5354 pro
501 5283 597 5354 quibus
614 5301 666 5336 nou
685 5283 816 5352 equestria
833 5281 878 5336 sed
890 5283 980 5351 uulga-

159 5371 202 5424 ria
225 5368 336 5422 serritia
355 5369 484 5438 praestari
504 5367 582 5421 sulita
601 5368 671 5432 sint;
690 5369 753 5422 ltsec
771 5384 831 5421 sero
856 5385 904 5438 pro
922 5367 980 5437 qui-

160 5451 213 5504 bus
230 5451 367 5520 equestria
387 5453 428 5504 sel
446 5449 479 5502 ab
498 5451 633 5522 equitibus
651 5451 725 5504 sulita
744 5453 868 5521 praestari
887 5453 979 5504 solent.

107 5571 138 5623 Μ
161 5536 233 5589 Sunt
251 5537 333 5588 etiam
354 5533 431 5587 leuda
449 5552 514 5605 quac
531 5548 656 5590 uocantur
673 5535 761 5588 Sottel
770 5536 869 5598 Lebne,
887 5545 913 5587 et
926 5533 979 5588 icr-

158 5617 243 5671 ntulis
266 5617 440 5684 sequentibus
464 5615 580 5683 conlerri
604 5617 703 5672 solent:
732 5627 778 5670 teu
806 5611 975 5674 Sosicllebrrs·

248 5699 353 5768 Strykii
372 5699 434 5757 Vol.
451 5699 490 5756 Χ.

1036 2876 1061 2926 1.
1077 2881 1100 2936 ς.
1119 2875 1145 2926 1.
1176 2874 1207 2925 ιι1
1225 2873 1296 2926 terb.
1326 2873 1381 2924 uiri
1397 2873 1571 2943 singulariter
1588 2871 1687 2926 dietum
1708 2872 1743 2924 sit
1772 2889 1847 2925 num.

1033 2959 1060 3008 8.
1077 2957 1143 3010 Nsm
1163 2957 1228 3010 illud
1248 2956 1307 3008 ideo
1324 2957 1363 3007 siu
1380 2968 1498 3016 coeatur,
1517 2954 1585 3022 quud
1604 2953 1716 3006 liberum
1731 2966 1782 3018 cst,
1796 2953 1847 3006 boe

1035 3057 1109 3104 vero,
1128 3040 1196 3111 qnod
1214 3043 1286 3109 juxta
1305 3039 1461 3090 Francorum
1483 3038 1539 3104 jnrs
1558 3054 1612 3104 eg.
1632 3036 1733 3088 ratione
1751 3051 1849 3088 sncces-

1034 3121 1117 3174 sionis
1135 3124 1293 3175 aestimatur.
1311 3121 1345 3172 Et
1362 3121 1424 3172 licet
1443 3119 1470 3170 in
1489 3131 1599 3186 utroque
1616 3115 1744 3170 loemiose
1762 3135 1845 3170 sncce-
1864 3130 1900 3182 qq

1034 3202 1112 3266 dant,
1130 3205 1156 3256 id
1178 3215 1263 3256 tamen
1282 3203 1316 3256 ob
1335 3203 1463 3254 rationem
1484 3202 1612 3253 «tunsam
1631 3212 1655 3254 ιι
1674 3201 1750 3253 ruorlc
1769 3199 1847 3252 dissi·

1035 3286 1092 3336 rnili
1111 3281 1143 3338 fit
1160 3284 1204 3337 dd.
1222 3289 1260 3340 ud
1277 3286 1302 3338 cl.
1321 3283 1386 3349 2.[.
1406 3284 1466 3336 tut.
1486 3283 1561 3352 Quod
1582 3301 1642 3337 rero
1664 3283 1741 3334 rnodu
1760 3300 1845 3335 asser·
1865 3309 1901 3360 07

1036 3381 1089 3421 tutu
1110 3369 1190 3422 toertr
1208 3371 1237 3422 in
1255 3369 1364 3438 belgicis
1383 3378 1408 3420 et
1427 3367 1521 3420 ricinis
1541 3367 1575 3418 iis
1593 3365 1740 3435 prouinciis
1764 3383 1845 3436 quan·

1034 3451 1066 3504 clo
1083 3449 1213 3505 foeminae
1229 3469 1262 3504 ex
1280 3451 1395 3520 generali
1413 3451 1462 3504 loci
1483 3450 1673 3502 cousuetudine
1698 3448 1844 3502 admittun-

1035 3543 1093 3595 tur,
1112 3534 1236 3586 clausulas
1255 3536 1294 3589 sel
1314 3533 1441 3586 formulas
1466 3535 1645 3586 concessionis
1670 3533 1742 3599 jueta
1767 3533 1845 3586 istam

1032 3617 1248 3670 consuetudinem
1266 3618 1412 3686 generalem
1432 3615 1633 3685 intelligendas,
1651 3634 1702 3669 uon
1723 3619 1850 3686 speciales

1034 3697 1159 3752 formulas
1176 3703 1290 3768 generali
1310 3700 1425 3770 regionis
1443 3699 1643 3763 consuetudini,
1658 3699 1710 3751 nisi
1724 3715 1849 3769 expresse

1033 3782 1060 3832 id
1078 3793 1163 3835 acturo
1182 3795 1321 3854 sppareat,
1340 3785 1480 3852 derogare,
1498 3803 1549 3837 non
1570 3773 1652 3836 solnm
1673 3784 1700 3836 iu
1725 3785 1767 3836 bis
1787 3800 1847 3853 pro·

1031 3862 1131 3916 stactis
1148 3881 1195 3916 usu
1215 3875 1304 3930 tenet,
1323 3865 1366 3918 sed
1386 3867 1463 3920 etiam
1483 3866 1510 3918 in
1530 3865 1617 3920 iendis
1641 3865 1771 3934 regalibus
1796 3866 1847 3920 itu·

1032 3945 1099 4016 perii
1118 3962 1224 3999 romsoo
1242 3949 1385 4016 germanici
1405 3949 1513 4002 obtinet.
1541 3950 1570 4002 si
1595 3948 1666 4000 enim
1692 3958 1846 4011 constaret,
1865 3979 1901 4033 03

1032 4029 1060 4080 iu
1080 4029 1211 4097 regionem
1232 4031 1271 4082 rel
1292 4032 1456 4085 territorium
1476 4031 1580 4103 aliquod
1600 4031 1727 4084 toeotoaa
1744 4049 1847 4102 qnoque

1032 4113 1153 4178 admitti,
1172 4114 1207 4167 oti
1228 4115 1288 4166 talia
1307 4115 1344 4166 ibi
1365 4133 1417 4168 uon
1436 4135 1517 4186 pauca
1537 4115 1722 4185 reperiuntur,
1751 4116 1844 4168 lssrurn

1031 4197 1187 4250 successioni
1207 4215 1259 4252 non
1278 4199 1483 4268 praejudicaret,
1513 4201 1576 4252 ltcet
1605 4215 1726 4252 concessa
1757 4208 1860 4253 casent‘

1030 4298 1089 4334 suus
1108 4280 1285 4336 liciniis-oder
1300 4283 1523 4347 Formo-zeto,
1537 4299 1596 4334 nasu
1611 4292 1713 4352 praeter
1726 4281 1776 4334 alia
1790 4283 1847 4346 ejus

1032 4365 1193 4418 conditionis
1210 4364 1299 4432 teuta,
1318 4363 1475 4432 Brsbautia,
1491 4365 1595 4419 Austris
1607 4374 1656 4416 etc.
1670 4364 1748 4417 bodie
1762 4365 1848 4417 adhue

1033 4448 1060 4498 in
1079 4447 1168 4510 lenda,
1199 4457 1268 4503 recta
1299 4449 1399 4502 ducalis
1429 4451 1470 4504 rel
1489 4451 1646 4520 principalis
1676 4461 1721 4502 aut
1749 4451 1846 4520 regalia

1033 4532 1192 4587 Fnlnlelsrse
1210 4546 1443 4602 recognoseuntnu
1463 4533 1592 4588 loemiose
1603 4545 1698 4598 tamen,
1712 4534 1748 4589 uti
1768 4533 1849 4586 itttu't·

1035 4625 1061 4668 tn
1080 4619 1213 4686 regionum
1232 4617 1342 4669 istarum
1372 4629 1520 4687 receptum,
1552 4617 1728 4670 nibilominus
1758 4631 1848 4668 suece-

1033 4697 1107 4750 dnut.
1126 4702 1155 4751 ltt
1174 4717 1251 4768 snpra
1268 4700 1378 4765 allegato
1395 4700 1535 4768 priuilegio
1561 4699 1692 4752 Johannis
1714 4699 1801 4766 patris
1818 4703 1842 4748 et
1863 4715 1898 4768 pp

1033 4779 1082 4833 lilii
1102 4783 1201 4836 Cliniae
1219 4782 1323 4846 ducum,
1342 4782 1441 4834 dicitur
1465 4782 1590 4851 quidem,
1616 4781 1710 4832 debere
1735 4780 1843 4832 admitti

1034 4861 1103 4916 lilias
1121 4885 1202 4936 aeque
1231 4885 1260 4918 ac
1290 4865 1361 4918 lilios
1378 4869 1415 4919 So
1435 4865 1488 4920 mol
1505 4863 1617 4934 crqfdie
1651 4866 1781 4917 dliclstere
1803 4861 1844 4916 uls

1032 4947 1138 5014 Silene,
1156 4962 1181 5003 et
1199 4948 1261 5002 inde
1279 4950 1361 5005 rideri
1380 4961 1467 5019 posset
1484 4967 1536 5003 non
1554 4967 1631 5003 sexos
1657 4949 1746 5003 habita
1772 4966 1847 5021 prse-

1032 5035 1165 5102 rugatisa,
1184 5031 1228 5086 sed
1247 5033 1326 5086 simul
1344 5051 1401 5086 cum
1420 5029 1487 5086 liliis
1504 5049 1547 5086 ess
1566 5031 1744 5086 admittendas
1767 5051 1845 5100 csse,

1031 5115 1099 5184 qnod
1119 5116 1147 5168 iu
1165 5116 1247 5170 simili
1265 5134 1325 5170 casu
1343 5117 1457 5170 sensisse
1475 5117 1525 5171 risi
1549 5128 1611 5170 sunt
1641 5117 1767 5185 Carpeor.
1796 5119 1845 5173 lib.

1030 5196 1054 5251 u.
1067 5209 1085 5252 ι.
1098 5200 1125 5252 8.
1137 5215 1207 5270 resp.
1219 5197 1302 5251 82η.
1320 5199 1368 5252 uls.
1386 5200 1549 5252 Weseubee.
1569 5199 1662 5252 consil.
1695 5201 1720 5252 ll.
1749 5220 1778 5254 rs.
1797 5203 1843 5256 2³.

1030 5301 1097 5338 sert.
1114 5303 1167 5355 prro
1186 5283 1260 5340 circa
1278 5283 1348 5339 siin
1367 5284 1417 5340 ttta
1436 5296 1462 5338 st
1479 5285 1574 5338 consil.
1599 5285 1643 5340 tt.
1673 5305 1701 5342 ss.
1732 5287 1776 5342 21.
1805 5307 1844 5343 re·
1861 5316 1898 5367 70
1932 5305 1942 5328 ·

1030 5383 1089 5420 rum
1105 5368 1227 5438 quonism
1248 5369 1280 5422 de
1298 5379 1389 5421 natura
1407 5368 1473 5437 juris
1490 5371 1639 5422 communis
1655 5370 1767 5425 tendatis
1784 5383 1841 5443 est,

1028 5450 1107 5504 etiarn
1126 5452 1230 5522 quaudo
1249 5461 1323 5524 preto
1340 5453 1379 5505 rel
1399 5451 1539 5522 privilegio
1556 5452 1670 5508 foemina
1692 5453 1724 5507 ad
1743 5471 1841 5512 sueces-

1028 5531 1128 5585 sionem
1147 5533 1216 5587 leudi
1236 5545 1357 5600 rocstnr,
1383 5526 1462 5587 sexus
1490 5535 1579 5590 babita
1609 5541 1783 5608 praerogativa
1814 5540 1844 5594 id

1028 5632 1132 5688 semper
1148 5617 1281 5690 intelligi,
1299 5636 1349 5675 nee
1369 5619 1416 5674 tsli
1435 5635 1496 5675 essu
1525 5620 1642 5680 ioemina
1668 5622 1840 5693 admittetur,

1483 5703 1520 5761 tt
