4352 6226
362 159 431 223 titt*
908 162 1098 226 uisentis.
1116 169 1191 224 ltttl.
1210 167 1327 226 CAPUT
1344 170 1380 226 ll.
1894 166 1948 226 b'ih

310 279 358 320 sno
377 263 462 317 adhuc
480 260 586 318 sitente
603 277 713 317 consors
734 259 848 331 imperii
872 263 970 316 iectus.
998 265 1133 318 Prolixius
1183 267 1353 338 imperatoris
1371 267 1545 338 subsequente
1563 265 1679 322 consulis
1695 264 1889 339 appelletione,
1906 266 1952 337 qui
1971 266 2001 320 in

310 347 345 400 do
361 362 452 400 eorum
471 347 537 400 sitis
555 347 640 399 uideri
659 357 748 415 potest
765 348 896 399 Matthias
914 348 945 398 in
957 349 1133 402 theotmhist.
1181 353 1228 405 illo
1245 371 1315 406 sssno
1332 364 1396 417 eret,
1415 370 1463 406 uec
1482 370 1533 406 nou
1554 353 1702 406 indictione
1721 369 1810 406 mense
1827 362 1855 404 et
1872 350 1925 402 die.
1937 351 1997 404 tle·

245 429 250 438 ⁴
311 429 361 484 sub
379 446 473 483 eorum
492 429 663 482 nominibus.
683 431 750 482 item
771 431 893 484 Socrates
912 431 958 483 lib.
984 433 1011 484 3.
1035 434 1134 501 aliique
1180 435 1214 486 de
1233 445 1287 500 est,
1305 442 1373 504 quod
1393 435 1550 489 hodiernum
1570 435 1655 488 adhue
1673 436 1702 488 in
1721 434 1907 488 instrumentis
1924 443 2000 487 nota-

309 522 431 566 suctores
449 512 525 564 citati
547 530 560 564 s
581 513 628 566 dn.
646 513 773 566 Praeside
790 513 817 564 d.
844 520 867 574 ς.
886 513 912 565 b.
930 515 982 568 Ubi
1003 526 1027 569 et
1047 515 1071 588 5.
1089 516 1133 569 31.
1181 518 1279 574 riorum
1299 536 1394 572 nornen
1421 520 1590 588 imperatoris
1615 531 1641 572 et
1664 535 1750 571 sunus
1776 517 1915 586 regiminis
1941 519 2000 584 ejus

309 611 385 664 sopp.
403 610 494 647 esusss
511 595 633 662 exponit,
651 613 733 664 quere
751 595 867 666 plurium
884 596 1073 666 imperatorum
1087 615 1135 650 uo·
1182 603 1317 671 praemitti
1336 604 1434 664 soleat,
1451 619 1503 669 quo
1521 613 1619 671 spectat
1641 601 1793 654 constitutio
1817 599 2000 654 dissimiliani

310 677 384 729 taine
416 677 576 749 quibusdem
611 679 714 749 legibus
749 677 849 733 sudleie
877 681 1027 750 praeposita
1056 697 1132 752 repe·
1182 701 1234 737 con
1254 685 1341 738 denen
1361 685 1495 740 Nutarien
1512 687 1544 736 de
1558 701 1627 736 euno
1641 683 1723 734 1313.

312 759 434 814 riantur·
1228 774 1251 828 ς.
1269 768 1294 820 b.
1313 767 1395 822 Locus
1414 765 1463 819 icit
1482 765 1678 827 Mediolanum,
1697 764 1742 816 ubi
1762 763 1933 832 impetitores
1958 777 2001 816 se·

343 845 367 909 5.
388 845 413 895 3.
432 844 588 912 Eusiguiuss
607 853 705 910 sutem,
718 843 750 898 od
763 863 840 916 qoem
860 845 924 900 lasea
941 846 1134 916 imperatorum
1181 847 1295 900 cundum
1314 849 1406 902 taeobt
1425 847 1585 900 Gothoiredi
1605 847 1698 902 tradite
1717 847 1828 898 subinde
1845 845 2001 900 constitere.

312 925 416 979 decisio
434 927 537 980 directa
555 938 605 992 est,
623 927 707 982 inisse
725 928 882 999 preelectum
903 932 1122 1000 prsetorioexed
1181 930 1353 990 Nostros,ed
1384 932 1526 984 minimam
1558 930 1732 1004 imperatores
1761 928 2000 994 valentianum,

310 1011 392 1078 jectis
410 1011 504 1064 litteris
523 1029 569 1082 pp.
587 1013 615 1062 in
635 1012 728 1064 codice
744 1013 794 1064 hac
814 1010 1009 1080 significatione
1035 1015 1135 1084 passim
1181 1015 1360 1068 Theodosium
1380 1025 1407 1067 et
1425 1013 1577 1074 Arcadium.
1592 1031 1639 1082 per
1658 1013 1792 1080 integrum
1805 1010 1888 1064 iersne
1902 1028 1999 1076 sunum

313 1093 429 1155 usitatis,
448 1091 615 1146 sullicieuter
634 1093 922 1161 liquet.liepeciootne
940 1105 966 1145 et
984 1097 1052 1146 elias
1070 1115 1134 1150 con-
1183 1097 1221 1148 ihi
1241 1107 1417 1150 commoratos
1430 1097 1521 1160 luisse,
1534 1114 1567 1150 ex
1582 1107 1633 1151 tam
1648 1097 1753 1160 multis,
1766 1110 1829 1164 quse
1844 1107 2004 1149 memoratas

312 1177 466 1230 stitutlcues
485 1177 515 1228 in
533 1177 624 1228 codice
642 1177 674 1226 sd
695 1194 754 1228 euos
774 1177 898 1229 directae.
917 1194 940 1230 s.
958 1194 983 1245 p.
1000 1177 1029 1229 in
1041 1178 1094 1246 leg.
1109 1182 1134 1230 1.
1181 1177 1361 1228 Gothntredue
1376 1191 1498 1238 recenses,
1510 1179 1658 1230 Mediolani
1684 1178 1857 1247 promulgatis
1873 1180 2005 1234 constitu·

311 1277 335 1314 e.
353 1259 387 1314 de
403 1257 482 1330 affin
501 1259 609 1330 magist.
628 1258 706 1311 milit.
718 1259 814 1313 Notum
825 1262 899 1312 euim
913 1269 966 1322 est,
980 1259 1049 1329 quod
1063 1277 1135 1330 pree·
1184 1259 1300 1311 tionibus
1313 1259 1403 1326 colligi
1417 1265 1513 1327 potest.

310 1341 374 1396 fecti
394 1343 530 1414 praetorio
549 1341 667 1410 primurn
687 1341 758 1393 idern
783 1338 887 1394 inerint
900 1358 929 1394 so
948 1341 1070 1409 megistri
1084 1342 1134 1394 sni·
1217 1340 1242 1408 5.
1260 1341 1288 1390 11.
1306 1339 1382 1394 Circa
1400 1341 1519 1394 consules
1539 1339 1703 1410 subscriptos
1722 1337 1788 1390 illud
1807 1337 1893 1390 adhuc
1911 1349 2004 1394 nolelu

311 1425 401 1490 lituus,
420 1425 492 1478 sulse
509 1424 680 1488 cohortibus,
699 1423 732 1477 sd
751 1423 879 1492 gerendas
897 1438 939 1475 res
964 1424 1090 1490 bellicas,
1110 1435 1136 1478 et
1182 1421 1292 1490 dignare
1310 1424 1409 1495 putari,
1427 1424 1495 1492 quod
1512 1439 1603 1478 eoram
1623 1423 1785 1491 subscriptio
1803 1421 1870 1474 adeo
1890 1439 2006 1494 necass-

313 1509 533 1564 determinendes
552 1523 641 1561 essuos
659 1507 883 1576 disceptationes,
901 1509 1058 1576 praepositi,
1076 1524 1135 1560 suo·
1183 1506 1224 1558 ria
1243 1503 1334 1574 inerit,
1353 1519 1380 1560 nt
1400 1508 1502 1560 nullutn
1521 1527 1536 1561 a
1555 1508 1678 1578 principe
1704 1507 1874 1574 impetratum
1900 1507 2005 1562 heneti·

311 1611 388 1648 eessu
406 1611 469 1648 sero
487 1592 615 1663 temporis
642 1591 731 1646 etiem
756 1591 785 1642 in
809 1589 934 1644 civilibus
957 1591 1044 1643 causis
1066 1591 1138 1644 deci·
1184 1591 1254 1644 cium
1272 1601 1299 1645 et
1317 1593 1479 1661 rescriptum
1498 1592 1557 1644 sine
1576 1592 1620 1644 die
1638 1600 1665 1646 et
1680 1592 1796 1658 ¹nousssle
1819 1595 2006 1660 auctoritatem

314 1677 396 1732 dendi
416 1673 820 1748 potestatem1impetrsscrint3
845 1672 910 1725 adeo
934 1681 961 1724 ut
983 1673 1085 1725 nemini
1103 1673 1138 1724 li·
1185 1673 1375 1730 hahuerit'sec.
1393 1676 1414 1728 1.
1432 1676 1459 1728 1.
1476 1693 1500 1729 c.
1518 1675 1551 1728 de
1569 1675 1665 1728 diuers.
1681 1676 1804 1746 rescript.
1821 1692 1876 1727 nnn
1899 1675 2007 1730 obstan-

314 1762 401 1816 cuerit
417 1760 451 1814 ab
468 1775 561 1812 eorum
585 1755 719 1811 sententis
738 1771 877 1828 prosocero
893 1755 913 1808 1.
929 1775 976 1812 uu.
993 1774 1015 1810 e.
1028 1757 1137 1813 dorent.
1186 1770 1220 1819 te,
1238 1759 1307 1830 quod
1328 1761 1398 1830 leges
1417 1771 1443 1814 et
1462 1761 1668 1814 constitutiones
1685 1761 1704 1812 1.
1723 1777 1771 1815 un.
1788 1760 1812 1830 5.
1825 1760 1851 1812 2.
1864 1777 1886 1814 e.
1898 1761 2007 1816 deuon

311 1843 402 1917 praef.
419 1843 561 1914 praetorio
580 1843 656 1894 131).
677 1841 720 1894 33.
738 1857 763 1893 c.
780 1841 813 1894 de
834 1840 933 1911 appell.
960 1839 1137 1896 (anferentur
1184 1844 1312 1914 codsct.
1329 1859 1354 1898 et
1372 1846 1562 1904 instrumenta.
1580 1844 1676 1914 quibus
1696 1846 1792 1914 pignus
1810 1846 2008 1912 constituitur,

314 1929 361 1982 bio
378 1945 417 1992 ea,
435 1943 503 1998 quac
521 1927 600 1978 habel
618 1925 664 1978 du.
682 1925 791 2000 l’rseses
810 1923 835 1976 d.
863 1924 926 1976 aas.
944 1941 967 1976 c.
985 1924 1009 1996 5.
1028 1925 1073 1978 33.
1091 1925 1137 1978 dt·
1184 1930 1203 1983 l.
1222 1928 1266 1983 31.
1283 1931 1304 1996 5
1324 1925 1400 1997 Μ.
1417 1929 1450 1982 de
1466 1927 1542 1997 pigre.
1561 1927 1620 1980 sine
1638 1925 1682 1978 die
1705 1937 1734 1979 et
1757 1928 1865 1980 consule
1889 1930 2008 1984 calorem

315 2015 434 2085 quehoc
452 2015 536 2078 solum
556 2009 738 2080 delEusignio
757 2027 837 2064 nosse
856 2009 1037 2080 inpraesenti
1062 2009 1137 2064 autti·
1185 2015 1347 2078 habuerint,
1365 2029 1425 2066 cum
1454 2013 1482 2064 in
1510 2011 1553 2063 isis
1575 2010 1721 2080 periculum
1746 2010 1938 2080 obreptionis,
1964 2015 2009 2066 cci

313 2099 374 2163 cist,
392 2115 452 2152 entn
471 2098 504 2152 de
521 2087 626 2166 origine
642 2097 700 2165 ejus
717 2095 770 2150 sita
786 2105 832 2147 sut
850 2093 928 2148 rebus
946 2095 1025 2164 pestis
1042 2098 1138 2166 specis·
1185 2095 1323 2167 priuilegia
1336 2095 1484 2162 subjacent,
1498 2093 1605 2162 penitus
1622 2106 1712 2158 resset,
1731 2095 1837 2162 otardo
1856 2105 2010 2168 temporum

317 2180 386 2234 liora
405 2197 458 2235 nou
478 2180 629 2242 habeamus,
647 2195 793 2250 perumque
811 2177 856 2234 bin
873 2175 978 2242 scierat,
989 2179 1139 2236 immiscere
1195 2181 1223 2234 in
1240 2178 1477 2234 constitutionibus
1491 2194 1523 2230 es
1537 2179 1591 2246 ipss
1610 2177 1800 2249 compositione
1812 2180 1945 2234 deresmt.

314 2261 385 2334 qnod
405 2263 515 2333 proprie
531 2262 564 2316 ed
584 2263 723 2333 sphaeram
743 2262 822 2329 hujus
838 2259 936 2316 laboris
949 2279 999 2316 uon
1014 2267 1139 2334 pertinet.
1219 2266 1241 2330 §.
1259 2265 1285 2315 'i
1307 2262 1430 2328 dilectus
1446 2262 1529 2314 etiam
1548 2262 1576 2311 in
1595 2260 1713 2314 editione
1727 2265 1811 2315 nostri
1830 2265 2008 2322 codicissnh-

356 2347 421 2419 5.1.
441 2347 577 2410 Tandem,
597 2357 628 2402 nt
645 2347 679 2403 sb
698 2348 817 2402 externis
837 2348 922 2414 legens
948 2353 1055 2418 penitas
1074 2367 1137 2404 euu-
1186 2345 1328 2415 scriptioni
1348 2346 1376 2398 iu
1395 2340 1451 2398 bne
1468 2354 1509 2397 est
1526 2358 1651 2396 uumerus
1671 2345 1733 2396 383.
1753 2345 1850 2416 Quales
1864 2361 2008 2412 tamenn-

318 2433 445 2494 cloemus,
462 2429 687 2501 subscriptionem
705 2447 807 2501 qunque
826 2430 986 2496 intueamur,
1002 2451 1068 2502 quse
1080 2437 1141 2502 telis
1186 2445 1272 2482 mttot
1290 2428 1409 2482 noudum
1428 2445 1459 2482 ⁸⁰
1479 2436 1608 2497 1011111011.
1618 2444 1670 2497 1110
1690 2429 1734 2482 lex
1753 2432 1925 2500 modiin-scd
1937 2449 2008 2510 post·

317 2523 379 2576 ests
396 2513 491 2567 &tuns
512 2512 556 2565 11.
576 2511 684 2567 erlend·
709 2515 840 2568 decembr.
859 2515 930 2570 need.
954 2517 1050 2572 honor.
1068 2537 1096 2570 aa.
1112 2539 1139 2586 p.
1186 2529 1216 2564 es
1235 2512 1342 2579 demum
1360 2512 1463 2582 priuato
1480 2510 1616 2580 cujusdem
1634 2512 1701 2580 Jcti,
1719 2511 1787 2567 forte
1800 2516 1927 2589 Dionysii
1939 2521 2006 2578 Got-

318 2607 345 2650 et
361 2596 469 2651 Evodio
488 2612 576 2652 eones.
596 2597 616 2648 i.
633 2614 657 2650 e.
682 2597 782 2651 ilatum
806 2597 851 2652 die
880 2597 933 2652 don
958 2600 991 2654 de
1013 2601 1140 2670 vigesimo
1188 2595 1292 2651 hclredi
1312 2597 1440 2652 industris
1458 2596 1575 2663 adjectos
1593 2610 1659 2662 esse,
1678 2598 1770 2666 probat
1790 2597 1836 2652 dn.
1854 2602 1963 2658 Praeses
1979 2608 2008 2662 d.

317 2679 406 2732 octob.
424 2680 574 2736 Mediolani
593 2681 715 2736 Honorio
735 2696 762 2736 n.
779 2700 805 2751 p.
823 2691 851 2735 et
868 2682 967 2738 Evodio
980 2685 1141 2739 consulibus.
1188 2678 1250 2734 diss·
1266 2681 1364 2752 raph
1390 2679 1478 2752 511.
1500 2680 1555 2734 Ubi
1579 2689 1607 2732 et
1630 2680 1660 2734 in
1685 2681 1904 2739 antecedentibus
1929 2691 2006 2757 plura

316 2763 405 2818 blnris
423 2763 527 2819 seilicet
544 2775 609 2829 esst,
628 2773 656 2818 st
674 2765 804 2820 reunitum
822 2785 836 2820 e
853 2765 1007 2821 Jnstiuiano
1024 2767 1056 2821 in
1073 2785 1139 2823 noc·
1189 2763 1216 2816 in
1234 2781 1331 2834 genere
1348 2764 1381 2818 de
1399 2765 1642 2835 subscriptionibus
1667 2765 1754 2835 legum
1778 2765 1876 2821 codicis
1902 2771 2007 2838 tradit,

319 2849 364 2900 l'l.
382 2867 407 2902 e.
427 2850 453 2900 1.
472 2857 501 2900 ut
519 2847 548 2900 iu
567 2847 694 2901 omnibns
713 2847 796 2914 sctis,
823 2849 878 2903 sire
902 2850 932 2902 in
958 2849 1066 2918 judiciis
1084 2852 1140 2906 eise
1186 2865 1250 2918 quse
1267 2848 1301 2900 ad
1321 2847 1483 2902 intellectum
1503 2847 1711 2920 subscriptionis
1735 2849 1803 2918 tegis
1828 2861 1935 2908 nostrae
1952 2875 2008 2912 oon

318 2932 477 3004 ubicumque
494 2949 523 2986 ee
541 2929 795 2997 conficicbsotnr,et
814 2932 843 2986 ia
860 2932 1144 3003 ‹smuihusdocuruen·¹
1187 2950 1281 3002 pesum
1305 2930 1423 3000 iaciunt,
1447 2951 1499 3005 qno
1524 2935 1652 2988 lectorem
1679 2933 1818 2990 brevitatis
1849 2935 1941 2993 studio
1966 2957 2007 2996 rs·

316 3014 350 3070 tis
368 3016 486 3087 quelibet
502 3015 588 3072 iarms
606 3014 785 3088 conseriptis,
811 3030 1015 3088 praeponeretur
1041 3036 1139 3074 nomon
1187 3017 1283 3071 mitto.

982 3165 1231 3239 CAPUT
1278 3165 1341 3236 ltl.

526 3405 530 3412 .
635 3346 840 3433 Berethis,
865 3371 989 3437 seusu,
1015 3350 1167 3432 ratione,
1199 3368 1265 3412 usu
1287 3359 1319 3414 et
1342 3345 1568 3438 applicatione
1591 3349 1690 3440 legis.

571 3531 592 3582 S
613 3535 639 3587 U
656 3532 694 3585 d!
706 3533 741 3586 dd
754 3534 784 3586 A
802 3535 828 3589 ii
845 3533 908 3586 1A
1190 3533 1626 3601 Eiusdemsententiaerntiones.
1641 3535 1718 3602 513.

969 3634 974 3639 “
1187 3617 1325 3672 Sententia
1338 3617 1460 3685 illoram,
1471 3617 1518 3690 pui
1530 3617 1688 3684 admittunt,
1701 3619 1795 3690 quoad
1812 3619 1944 3690 effectum
1963 3619 2012 3675 de·

320 3707 471 3770 Ingressus.
489 3699 512 3774 5
532 3703 558 3754 1.
860 3737 871 3753 .
1224 3702 1377 3758 volaticum
1390 3721 1449 3756 non
1459 3705 1654 3771 suspensivum.
1668 3705 1691 3770 §.
1703 3705 1747 3756 2⁰.

321 3783 480 3850 Explicatic
498 3785 638 3840 uerborum
653 3795 751 3842 tectus.
764 3788 787 3852 ς.
799 3785 825 3839 1.
1193 3785 1271 3852 Quae
1287 3787 1495 3856 approbatores
1508 3785 1662 3855 defenditur
1672 3807 1709 3843 en
1717 3789 1782 3860 iare
1795 3808 1853 3847 non
1863 3789 2014 3846 canonico.

322 3865 464 3918 Judieium
475 3867 522 3919 vel
530 3867 691 3936 petitorium
704 3875 745 3921 est
756 3868 805 3921 ael
813 3869 1018 3938 possessorium.
1028 3877 1049 3934 ς.
1062 3872 1087 3924 3.
1226 3873 1248 3930 §-
1267 3869 1312 3921 31.

322 3947 531 4002 Passerem-iuna
545 3951 643 4004 iterum
655 3949 902 4018 celeummorium,
914 3953 1143 4010 etsummariissi-
1189 3949 1242 4004 Sed
1251 3949 1329 4008 ciuili
1342 3951 1511 4018 sepiantur
1520 3950 1540 4004 1.
1553 3952 1626 4008 ank.
1649 3971 1673 4008 e.
1693 3952 1718 4007 ei
1740 3955 1774 4012 de
1798 3969 1921 4014 moment
1940 3979 2012 4031 poss.

358 4046 431 4086 mum
444 4049 492 4088 seu
506 4045 737 4090 momentaneum.
746 4035 769 4101 5.
783 4034 807 4088 1.
1226 4040 1248 4096 ς.
1266 4033 1311 4088 13.

325 4116 403 4182 Quae
415 4115 510 4172 diea'sio
523 4119 644 4188 ususori
656 4117 861 4192 comprobatur.
873 4119 898 4190 5.
909 4121 937 4174 b.
1191 4117 1313 4171 Dubium
1325 4125 1419 4172 contro
1429 4115 1498 4168 hanc
1509 4115 1720 4188 explicationem
1732 4132 1896 4178 removetur.
1908 4125 1931 4190 ς.
1946 4125 1995 4178 33.

327 4198 506 4255 Cousmodum
518 4202 684 4272 possessorii
694 4204 915 4260 summariieeivus'.
928 4203 953 4278 5
966 4207 991 4259 b.
1192 4201 1292 4254 Nostra
1302 4198 1435 4255 sententia
1447 4198 1601 4256 rationibus
1613 4201 1694 4255 e'ts'am
1706 4203 1897 4275 confirmetur.
1908 4206 1935 4278 5.
1948 4208 1995 4260 st.

327 4282 409 4348 Quod
419 4296 640 4340 momentaneum
654 4298 775 4342 uocatur.
790 4301 809 4354 ς.
820 4290 846 4341 i.
1190 4283 1352 4339 dictionibus
1363 4287 1514 4338 sententiae
1524 4287 1684 4340 contrariae
1694 4289 1879 4354 respondetur.
1892 4291 1918 4361 5.
1931 4291 1977 4344 stt.

324 4363 442 4419 Diuersa
455 4371 573 4436 acceptio
588 4369 757 4425 mornentiiu
763 4371 835 4442 jare.
849 4373 874 4444 5.
884 4373 910 4428 8.
1195 4367 1269 4434 Quid
1297 4367 1323 4422 si
1352 4367 1485 4423 domuum
1507 4365 1686 4439 irreparabile
1709 4369 1814 4443 instrat
1836 4376 1996 4430 sententia.

328 4449 390 4516 Quo
402 4466 484 4506 seusu
496 4452 540 4506 tric
554 4454 654 4508 ueniat.
665 4455 687 4520 §.
702 4455 728 4508 tl.
1229 4452 1253 4524 §-
1275 4451 1319 4504 ²⁸·

326 4534 474 4601 Quomodo
487 4534 600 4606 dfferor
611 4533 833 4594 momentaneum
843 4538 1037 4610 possessorium
1054 4540 1091 4595 ab
1103 4557 1146 4596 or·
1193 4541 1242 4590 An
1254 4537 1340 4592 caleat
1350 4535 1494 4608 appellatio
1506 4535 1539 4588 ab
1551 4536 1759 4594 interlocutoria
1769 4539 1800 4594 in
1818 4543 2014 4598 summariissi-

361 4617 483 4672 denaria.
497 4619 579 4691 510.
839 4671 842 4678 ,
1232 4639 1285 4676 sno.
1299 4629 1320 4684 ς.
1334 4623 1378 4674 bi.

327 4700 402 4770 tilius
414 4699 566 4758 interdictis
577 4704 720 4772 agebatur,
732 4704 800 4775 quid
809 4704 910 4760 hodie?
922 4711 944 4770 ς.
959 4709 1002 4760 11.
1193 4707 1239 4758 An
1251 4703 1395 4760 lectoratio·
1406 4703 1437 4758 in
1447 4703 1670 4760 summariistinso
1683 4705 1771 4762 ineunt
1784 4706 1889 4760 habeat.
1902 4711 1925 4776 §.
1939 4709 1983 4760 28.

328 4785 374 4839 De
385 4787 593 4844 inhibitionibus
604 4789 752 4842 hodiernis.
763 4796 784 4850 t.
797 4789 828 4842 Χ
827 4791 868 4842 11.
1193 4791 1301 4844 Annon
1313 4789 1523 4844 oberleuterutio
1534 4789 1696 4861 pucssdopue
1705 4790 1880 4844 admittendo.
1893 4789 1918 4862 5.
1931 4792 1978 4843 29.

330 4870 476 4936 Quomodo
491 4867 572 4925 hodie
583 4871 751 4941 procedatur
763 4871 793 4924 in
807 4871 1026 4928 inhibitionibus?
1035 4872 1062 4944 5.
1075 4875 1117 4926 13.
1194 4875 1244 4928 An
1255 4876 1291 4929 ab
1304 4873 1461 4929 inhibitione
1473 4873 1623 4928 curatoria
1636 4873 1682 4928 ael
1693 4873 1899 4946 confirmatorie
1913 4874 2013 4930 admit·

330 4950 438 5021 Differt
449 4955 518 5010 haec
531 4955 567 5010 ab
580 4955 631 5010 illa
643 4953 813 5020 inhibitione,
825 4955 938 5027 paaefit
955 4977 973 5012 a
991 4957 1147 5026 superiore,
1229 4967 1304 5011 satur
1314 4956 1468 5025 appellatio.
1481 4953 1505 5028 5.
1518 4957 1563 5008 lili.

366 5035 404 5088 ad
413 5055 492 5104 queue
506 5039 685 5109 appellatam.
699 5041 723 5106 5.
738 5039 781 5093 11.
1196 5041 1243 5095 Au
1254 5039 1402 5113 appellatio
1415 5037 1596 5111 permittenda
1607 5038 1633 5093 es'
1643 5040 1868 5101 summariissinso
1881 5043 2016 5114 junctam

330 5119 366 5172 Iu
377 5119 474 5190 quibus
499 5125 590 5178 causis
609 5122 701 5180 locum
718 5124 838 5180 habeant
859 5123 1045 5180 inhibitiones.
1066 5123 1149 5197 513.
1229 5125 1395 5192 petitorium.
1409 5131 1430 5188 5.
1444 5125 1488 5178 31.

366 5213 393 5256 et
410 5205 455 5258 16.
1197 5211 1246 5262 Au
1255 5211 1388 5266 restitutio
1402 5207 1430 5262 in
1441 5208 1585 5282 integrunt,
1603 5207 1713 5278 querele
1736 5207 1871 5262 umectis
1893 5219 1943 5262 etc.
1969 5211 2014 5268 od·

333 5291 465 5358 Quaestio
476 5291 645 5363 principalis,
656 5312 694 5347 an
706 5294 856 5365 appellatio
872 5293 1004 5364 permissu
1024 5293 1054 5349 in
1076 5310 1150 5351 tuns·
1234 5295 1375 5349 mittenda.
1388 5301 1410 5359 ς.
1424 5294 1467 5360 32.

369 5373 535 5430 mariissimo
545 5377 722 5444 possessorio.
732 5375 755 5450 5.
766 5381 809 5432 tt.
1197 5381 1246 5433 An
1259 5377 1288 5432 in
1301 5381 1388 5434 causis
1399 5375 1577 5434 cambialibur
1589 5373 1750 5434 admittatur
1760 5375 1921 5448 appellatio.
1931 5375 1957 5448 5.
1968 5379 2009 5432 33.

333 5459 474 5614 Sententip
489 5459 663 5598 lgmmsiffl'
670 5462 754 5534 plane
770 5481 827 5522 nen
842 5461 992 5520 admittunt
1005 5463 1169 5536 appellatio·
1200 5464 1343 5524 &missio
1354 5462 1560 5524 dissertationis.
1574 5470 1596 5529 ς.
1609 5462 1653 5517 31.

370 5562 440 5598 Helii.
469 5581 476 5597 a
526 5580 533 5598 e
