4352 6226
409 317 464 379 sot
1038 292 1268 378 ntsrurtttb
1287 313 1360 374 tut.
1932 307 1987 362 soc

355 407 591 489 dinem‘·nrge'ttte,
610 427 683 468 reum
700 405 860 471 uudemuet
879 405 1035 479 tenuiter,
1053 421 1080 468 et
1096 421 1170 484 eetct
1221 421 1250 467 ta
1279 413 1344 480 lite,
1363 429 1428 466 nora
1453 407 1596 474 sententia,
1614 405 1690 463 norit
1714 403 1862 477 sumptibus
1891 410 1960 475 opos
1977 404 2056 455 'ean‘

350 503 480 573 deinceps
507 498 691 552 executionem
723 496 872 552 ”dutiae
898 493 1028 564 efflagitet
1042 534 1051 560 ,
1082 502 1169 547 tenen
1221 495 1304 548 liente
1323 492 1387 547 itiuc
1402 492 1468 548 iuuit
1483 489 1754 562 judex,aiejututodl
1773 488 1895 542 libellum
1914 485 2056 540 inutilem
2081 463 2107 519 ⁸

335 587 526 656 *muniatur
548 591 716 655 preeeeptum
745 579 911 636 executirtttn
938 579 1033 631 idonee
1057 576 1172 630 formare
1220 577 1311 631 stetim
1331 575 1364 629 ab
1382 575 1462 631 initio
1480 572 1777 642 reiicit,uisiiorteeee
1794 573 1930 641 illeqnota
1948 586 2063 623 exten·

351 687 407 724 nou
425 667 536 740 poterit,
554 680 614 720 num
632 667 766 736 obiectum
779 663 948 719 executionis
965 663 994 716 iu
1012 662 1171 727 actionibus,
1222 677 1297 713 mern
1321 660 1452 713 sociorum
1478 667 1556 728 etque
1581 657 1756 711 cohaeredum
1782 656 1811 708 in
1829 655 1916 708 libelli
1935 654 2063 707 rubrica

350 754 447 824 quibua
465 753 552 823 ipsum
572 751 611 804 rei
636 766 730 822 corpus
748 749 946 822 persequimur,
963 747 1098 801 incertum
1125 749 1171 802 sit.
1221 744 1418 800 nominatorum
1440 743 1574 812 extemplo
1596 751 1674 812 queat
1697 735 1822 805 definiri,
1841 749 1867 791 et
1890 737 1940 790 lton
1959 736 2059 790 morlo

287 879 291 888 .
353 837 424 906 Quot
445 837 517 890 euim
548 845 672 905 equoset
691 850 755 904 quoa
776 833 878 902 jubebit
897 849 971 884 reum
997 831 1076 900 judex
1095 831 1172 884 resti·
1222 828 1335 882 deiectos
1353 829 1467 883 adrorati
1482 827 1561 880 iucile
1572 823 1854 898 suppleri,maxime,
1867 842 1927 877 coen
1942 823 2066 876 rubrica

353 925 445 983 tuere,
463 927 509 970 ant
535 935 613 970 tuente
640 917 751 969 militari
778 918 835 987 ipse
853 914 972 979 auisset,
991 926 1034 967 eut
1061 915 1089 967 in
1107 931 1173 986 quos
1221 927 1270 981 pto
1288 911 1372 966 libelli
1394 915 1468 982 pe'rte
1486 914 1582 964 merito
1601 910 1740 975 hebeetttr,
1761 910 1880 974 adeoque
1896 907 1932 962 ob
1950 921 2062 958 unm&

355 1019 432 1074 apros
450 1009 564 1054 actorem
585 997 734 1056 immittet?
752 1001 848 1053 lodice
865 1018 926 1054 sero
944 999 1013 1052 haue
1034 995 1174 1050 difficulta-
1222 1011 1282 1050 rura
1302 998 1431 1050 sociorum
1452 999 1480 1050 iu
1500 994 1667 1066 frontispicio
1678 1008 1832 1062 expressum
1852 1001 1907 1044 rata
1926 1001 2006 1059 quota
2024 989 2064 1040 im

354 1097 408 1146 tem
427 1084 590 1139 executionis
608 1083 717 1154 iusuper
735 1081 866 1147 habente,
885 1093 909 1134 et
926 1089 1092 1152 praeceptum
1113 1095 1172 1132 exe·
1221 1077 1316 1132 libello
1338 1079 1467 1150 implicite
1486 1079 1609 1134 rideatur
1633 1077 1775 1132 contineri.
1799 1075 1870 1145 Quot
1891 1073 1967 1127 euim
1987 1077 2060 1125 sunt

351 1167 469 1222 untionis
495 1181 540 1220 reu
562 1165 704 1220 secuudum
732 1165 864 1234 generalis
886 1166 1036 1218 sententiae
1053 1176 1173 1218 tenorent
1224 1162 1306 1227 eunii,
1323 1172 1364 1217 tot
1390 1173 1449 1217 eunt
1468 1175 1543 1218 ratae
1562 1163 1619 1216 llos
1645 1172 1732 1216 tanuen
1751 1159 1781 1211 in
1798 1157 1993 1212 communione
2011 1169 2060 1208 ee·

352 1251 524 1316 insinuante,
543 1249 641 1320 poterit
665 1249 752 1302 adboo
772 1258 823 1300 lttttt
851 1258 914 1301 ante
931 1247 1075 1300 terminum
1093 1263 1172 1317 quant
1223 1247 1313 1316 quali,
1330 1245 1477 1317 cujusmodi
1503 1248 1575 1300 iuter
1592 1244 1749 1299 ccbsmedes
1772 1241 1805 1296 ab
1828 1241 1957 1294 intestato
1976 1255 2061 1310 repe·

351 1333 517 1386 intermino
537 1329 704 1386 executionis
716 1331 803 1400 asperi
816 1331 977 1401 quantitatis
996 1329 1172 1396 incertitudo,
1223 1331 1308 1395 titur,
1328 1332 1423 1384 saltem
1442 1329 1581 1401 procedit,
1599 1331 1627 1381 in
1646 1347 1697 1398 qun
1715 1341 1807 1379 omnes
1826 1325 1925 1394 aequali
1944 1323 2011 1390 iure
2025 1327 2059 1374 et

353 1415 434 1468 etiam
453 1416 482 1468 iu'
512 1415 645 1483 Saxonia,
664 1416 727 1467 licet
744 1412 825 1467 dee'is.
850 1416 926 1468 elect.
944 1415 971 1466 2
991 1413 1182 1478 tautummodo
1223 1413 1253 1467 in
1271 1423 1361 1486 partes
1378 1417 1498 1488 aequales
1515 1413 1668 1465 succedunt.
1687 1411 1760 1462 ilinc
1787 1407 1873 1460 fecitis
1892 1418 1969 1459 retae
1988 1423 2057 1476 quo·

353 1499 532 1570 exceptionem
552 1499 695 1553 solutionis
713 1509 739 1550 et
757 1499 984 1569 compensationis
1004 1497 1032 1549 in
1052 1497 1110 1566 ipsu
1129 1497 1173 1548 die
1222 1505 1265 1547 tae
1283 1501 1453 1565 computatio.
1473 1495 1507 1547 lt
1531 1513 1594 1549 seru
1614 1495 1642 1546 iu
1670 1491 1861 1548 testamenteria
1885 1476 2095 1544 haereditate,

320 1579 461 1648 utemini
481 1578 614 1634 admittat.
632 1579 700 1634 liant
720 1581 783 1632 been
809 1581 961 1652 ineptitudo
983 1576 1069 1630 afficit
1088 1579 1172 1647 ipsam
1223 1588 1311 1648 partes
1329 1595 1407 1650 teepa
1424 1579 1538 1632 nimium
1556 1585 1684 1648 quautam
1704 1587 1766 1629 snut
1782 1576 1999 1656 dispersurum
2020 1583 2059 1626 te-

355 1663 533 1716 snbstantiam
551 1661 655 1734 judieii.
673 1665 753 1718 Unde
770 1681 851 1718 nurus
868 1678 1005 1734 processus
1028 1679 1061 1715 ex
1078 1662 1173 1714 admit·
1223 1671 1304 1717 etetcr
1320 1665 1402 1718 alintu
1427 1665 1526 1734 turpis,
1544 1663 1626 1717 alium
1648 1660 1738 1713 tninus
1756 1658 1867 1723 dilexit,
1886 1669 1970 1726 etque
1990 1657 2057 1710 ideo

351 1744 433 1798 tende
451 1744 677 1801 demonstratione
697 1749 845 1817 reciproca,
863 1764 913 1816 qne
937 1746 1069 1800 certitudo
1088 1746 1173 1814 eliqua
1222 1747 1303 1800 etiam
1322 1749 1404 1802 elium
1423 1749 1548 1820 ampliori
1567 1755 1658 1818 perte,
1673 1745 1754 1797 elium
1774 1741 1872 1796 minori
1891 1742 2056 1808 donantes.

352 1840 500 1890 reseratur,
518 1839 651 1898 emerget,
669 1840 801 1899 acresque
825 1845 911 1881 usuras
937 1829 1033 1882 actoris
1058 1829 1174 1884 intentio
1222 1833 1246 1884 d.
1266 1833 1285 1884 ι’.
1310 1835 1345 1888 tle
1369 1835 1479 1886 baered.
1503 1831 1587 1884 instit.
1616 1829 1794 1898 Quamobrem
1822 1842 1856 1880 ex
1874 1841 1993 1878 numeru
2012 1839 2056 1877 co·

352 1913 473 1985 patietur.
492 1914 573 1966 Casus
591 1911 722 1982 ejusmodi
743 1913 812 1964 circe
832 1912 903 1981 ligne
923 1912 1042 1983 adempte
1061 1910 1089 1962 in
1108 1911 1175 1965 eutis
1224 1913 1439 1984 berrednsu,qui
1459 1913 1525 1967 iorte
1543 1928 1575 1966 ex
1594 1912 1699 1966 rubrica
1717 1908 1802 1962 libelli
1821 1920 1905 1980 petet,
1918 1926 1975 1961 non
1998 1915 2058 1978 pot-

354 1997 395 2048 Π.
426 1998 461 2050 G.
491 2006 588 2051 contra
620 1996 657 2049 D.
681 1997 716 2048 tt.
748 1995 782 2048 tt.
809 1997 841 2048 Ζ.
875 2009 969 2049 corant
994 1994 1176 2064 praefectura
1224 2006 1265 2050 est
1282 2007 1360 2068 quote
1380 1997 1576 2052 testamentaria
1604 1995 1700 2049 autoris
1727 1993 1858 2063 divinari,
1876 1991 2058 2048 uecttbettas

355 2079 498 2136 electorali
513 2079 638 2148 it'pu'eurt'
661 2079 694 2133 de
715 2097 792 2134 auno
821 2079 900 2132 tout.
927 2079 1098 2149 conspicitur.
1121 2079 1176 2132 Ubi
1225 2079 1259 2136 ab
1277 2082 1467 2154 ineptitudiuis
1486 2083 1551 2136 titio
1570 2081 1704 2133 excusari.

357 2175 441 2233 petet,
458 2176 590 2228 saturent,
609 2162 679 2233 qnod
704 2181 764 2219 reus
783 2164 836 2235 ipsi
862 2164 991 2234 quaedam
1011 2163 1082 2233 lique
1100 2181 1178 2233 quer·
1261 2173 1282 2229 ς.
1301 2167 1325 2220 l.
1345 2166 1447 2238 Quodsi
1468 2181 1528 2220 sero
1544 2173 1618 2218 ector
1636 2164 1707 2216 nulla
1733 2161 1838 2218 ratione
1857 2151 2086 2217 certitudinem!

356 2249 418 2300 cina
436 2246 469 2300 ed
488 2243 661 2301 reficiendum
683 2247 865 2300 molendinum
885 2248 1033 2314 destinata,
1050 2248 1179 2301 sicienter
1227 2250 1340 2321 eliquans
1353 2250 1510 2321 quentitetis
1522 2249 1680 2318 inuestigare
1693 2247 1877 2311 seleut,eritne
1888 2248 1950 2300 iden
1964 2247 2059 2302 nmuia

356 2331 634 2401 ademerit,qnestum
653 2347 728 2398 csse,
749 2333 820 2385 nulla
838 2333 939 2402 adjecta
957 2333 1125 2403 longitudine
1141 2334 1177 2386 li·
1228 2348 1289 2403 epet
1311 2332 1489 2405 consequendi
1515 2333 1581 2400 juris
1607 2332 1649 2384 aui
1675 2327 1845 2398 abjicienda?
1861 2329 2057 2402 Nequaquam

355 2415 402 2484 qni
422 2415 463 2469 rel
480 2431 591 2466 numero
618 2415 657 2468 sel
675 2413 725 2468 elia
744 2426 815 2470 certe
841 2416 1073 2472 determinatione.
1091 2419 1178 2488 leupo-
1229 2418 1297 2473 salte
1322 2419 1396 2470 enirn
1417 2433 1459 2470 res
1481 2427 1534 2480 est,
1552 2416 1575 2468 si
1602 2415 1629 2468 in
1654 2425 1783 2488 potestate
1809 2417 1907 2470 actoris
1933 2433 1990 2470 unu
2018 2419 2056 2471 ait

357 2501 440 2554 tratit
462 2499 570 2570 quidem
598 2501 680 2553 etiem
700 2511 774 2554 aotor
798 2501 848 2555 sub
866 2501 1003 2574 publicato
1027 2502 1052 2558 d.
1078 2507 1103 2557 ³.
1124 2505 1180 2558 dec.
1230 2509 1330 2552 certate
1350 2499 1471 2554 indicere
1488 2500 1676 2570 (tutelheim,
1695 2500 1716 2551 Ι·
1735 2500 1760 2550 1·
1787 2495 1810 2569 5
1831 2499 1880 2551 att.
1903 2499 1935 2553 e‘u
1956 2497 2013 2571 fite·
2031 2497 2058 2552 ti.

356 2583 439 2636 tuot.
465 2583 612 2653 ereflrouit.
623 2583 715 2657 jurt'd.
740 2584 800 2656 lips.
818 2584 989 2640 fauorabilem
1008 2589 1180 2652 senteutiam,
1228 2581 1255 2634 ιι·
1274 2598 1341 2651 pare
1363 2583 1470 2638 tamt.
1493 2593 1548 2655 pet.
1574 2583 1637 2639 Siue
1660 2599 1722 2653 erpo
1750 2583 1817 2652 legis
1842 2583 1985 2653 dispositio
2005 2584 2055 2636 boe

333 2679 409 2741 'que
428 2687 489 2724 teus
507 2671 698 2724 condemnatus
725 2669 796 2737 iuit,
816 2671 863 2724 sed
890 2673 1037 2742 generalem
1056 2682 1082 2726 et
1100 2673 1183 2727 incer·
1230 2664 1545 2736 {attributionem
1572 2679 1599 2721 et
1616 2653 1718 2737 negotii
1742 2677 1786 2721 eut
1806 2667 1922 2719 aetionis
1942 2681 2055 2732 natura,

364 2763 436 2817 tatu,
454 2755 540 2824 qualis
561 2753 621 2823 ipse
638 2763 695 2806 erat
713 2753 826 2806 libellus.
845 2753 915 2825 Quis
942 2773 993 2809 non
1013 2755 1087 2808 illico
1104 2772 1182 2809 nores
1232 2749 1288 2802 eise
1305 2751 1443 2806 contentio
1466 2753 1579 2821 partium
1603 2751 1704 2812 abusu
1729 2749 1836 2803 debitur
1859 2749 1892 2805 ad
1919 2749 2054 2802 incertu-

361 2841 431 2893 cirea
449 2837 633 2892 executionem
653 2836 729 2905 hujus
747 2839 968 2892 sententiaelitet
980 2834 1127 2909 prospicit?
1139 2837 1183 2890 lt·
1233 2835 1371 2902 putendum
1392 2837 1472 2888 aetio.
1491 2827 1545 2888 tes
1563 2835 1669 2888 iaicidie
1689 2835 1717 2886 iu
1736 2853 1812 2888 muta
1831 2841 1885 2898 est,
1897 2834 1971 2906 quod
1991 2817 2089 2903 lepa-¹
2142 2903 2147 2911 ι

360 2921 483 2976 eetenim
497 2939 558 2986 reo,
571 2919 616 2990 qui
635 2921 688 2988 jam
710 2921 803 2973 tertius
821 2936 956 2990 possessor
974 2931 1031 2987 est,
1044 2929 1182 2990 postquem
1234 2916 1317 2970 orius
1335 2935 1388 2971 non
1408 2919 1491 2984 possit
1508 2929 1611 2975 certem
1630 2929 1733 2990 semper
1751 2928 1844 2991 petere
1866 2921 2054 2990 quantitatem.

362 3005 399 3058 tt.
425 3009 462 3060 ll·
487 3005 522 3056 tt.
541 3005 574 3056 Ζ.
596 3019 671 3056 suum
691 3003 838 3073 praedium,
858 3003 907 3055 lite
925 3003 1073 3073 pendente,
1092 3003 1184 3056 rendi·
1233 2999 1321 3070 Quare
1339 2999 1365 3052 ei
1390 3001 1595 3072 ignoscendum,
1615 3004 1637 3057 ei
1663 3021 1697 3058 ex
1715 3005 1809 3076 legatis
1832 3005 1909 3059 tuille
1927 3006 2055 3074 tituletis,

362 3089 421 3155 dit,
439 3096 465 3142 et
483 3088 553 3157 liqna
572 3087 692 3157 litigiosa
713 3087 840 3158 reliquit,
858 3087 937 3156 judex
963 3088 1125 3157 injunxerit,
1143 3088 1183 3140 tel
1232 3094 1274 3136 eut
1291 3098 1324 3136 ex
1342 3084 1435 3153 legatia
1453 3086 1566 3141 aedibus
1586 3095 1687 3140 tanturn
1705 3105 1763 3142 eetn
1782 3099 1897 3159 partem,
1916 3108 1988 3161 quae
2007 3092 2054 3144 de·

363 3173 507 3226 eecuudutu
522 3183 638 3226 tenorem
653 3174 692 3225 rei
706 3172 837 3240 judicatae
856 3174 926 3244 ligne
945 3173 1024 3228 actori
1044 3173 1183 3235 restituet,
1235 3173 1317 3220 lieet·
1335 3167 1444 3223 falcidis
1464 3169 1536 3224 iurte
1556 3169 1736 3242 superintute,
1756 3183 1860 3244 puscet,
1878 3174 1981 3248 quippe
1999 3189 2058 3228 eata

363 3266 452 3310 tetnau
470 3254 580 3310 dubium
600 3266 656 3320 est,
674 3267 738 3326 quot
763 3256 833 3328 liqna
858 3267 885 3311 et
903 3263 977 3328 cujus
1004 3259 1184 3329 longitudinis
1233 3249 1262 3302 iu
1281 3252 1339 3318 siut
1363 3263 1491 3324 potestate
1514 3271 1567 3308 nott
1592 3255 1628 3307 eit
1648 3255 1718 3310 tire·
1741 3254 1931 3311 haereditarias
1960 3267 2054 3312 exacte

363 3339 505 3393 restituere
523 3347 652 3393 teneatur.
673 3340 763 3392 Potest
781 3339 853 3394 cuitu
873 3359 935 3397 sane
954 3342 998 3396 bic
1017 3344 1184 3399 aduersarios
1233 3351 1324 3402 mm·
1345 3339 1489 3392 *mudum
1514 3354 1580 3408 ΨΜ
1605 3334 1730 3394 ftumin
1752 3341 1820 3394 ¹'⁸¹⁵⁰
1844 3340 2053 3404 ῑῦΰῑῑῑῦῖῑῦῐιὶ

362 3425 392 3478 in
411 3441 458 3479 sno
482 3421 592 3494 praedio
617 3423 690 3478 serie
709 3423 807 3479 bebere
832 3425 922 3495 ligus,
941 3437 968 3480 et
985 3425 1054 3480 boue
1074 3426 1183 3482 tortasse
1233 3416 1278 3468 ⁷⁰·
1297 3425 1319 3483 i·
1338 3424 1363 3472 ¹·
1382 3422 1415 3474 δὲ
1432 3421 1474 3473 ’⁸²¹'
1489 3419 1622 3476 vindice&
1641 3423 1741 3476 Rerum
1759 3433 1851 3478 uetere
1868 3423 2048 3479 determinen-

363 3501 517 3580 fide,quee
540 3517 614 3562 entur
638 3503 788 3579 significet,
816 3506 947 3562 dubitare.
974 3509 1046 3562 ttius
1074 3511 1182 3565 dabitur
1233 3501 1281 3557 dee
1304 3505 1448 3575 quantitati
1471 3507 1666 3578 impedimento
1691 3519 1745 3568 est,
1765 3509 1787 3561 ei
1812 3510 1902 3564 Titius
1924 3511 2052 3564 moriatur

363 3602 452 3646 uuntn
469 3603 637 3663 praeceptum
655 3592 816 3647 executiecm
828 3593 950 3661 exceptio
962 3587 1108 3648 deficientis
1125 3612 1180 3649 ner·
1231 3586 1334 3640 ῐθῑῑθῑῖ·
1351 3604 1384 3642 0¹
1402 3586 1485 3642 sitire
1503 3600 1611 3662 nepote,
1624 3599 1650 3643 ⁸⁸
1665 3591 1827 3662 “nimium
1846 3591 1958 3648 fuirum
1977 3609 2052 3662 tme-

332 3687 350 3742 p
368 3681 409 3726 tae
425 3673 579 3744 quentitetis
595 3675 729 3744 liquorum
756 3674 991 3730 restituendorum.
1010 3676 1113 3733 Gentela
1132 3697 1183 3750 pro
1232 3667 1417 3725 deffflteiefflm
1436 3673 1564 3727 metibus
1581 3675 1794 3747 prementibus·
1805 3675 1896 3748 Nepet
1914 3677 2054 3748 proxime

362 3768 446 3812 ectcte
465 3759 493 3810 in
511 3757 642 3826 ejusmodi
660 3758 854 3812 controuersiae
871 3769 937 3812 statu
956 3757 1057 3827 tuerat,
1077 3777 1182 3816 uouso·
1233 3766 1271 3808 ⁸⁸⁸
1288 3772 1435 3823 ⁸⁰⁰⁰²⁵⁸⁰¹¹s
1455 3759 1541 3813 ⁰⁰⁸⁰st
1568 3769 1673 3827 hmo
1689 3771 1796 3831 quotum
1814 3759 1987 3818 hm'fflfflss
2007 3782 2051 3832 l*

360 3841 417 3895 lunt
438 3843 466 3896 iu
483 3841 607 3896 articulis
625 3839 849 3912 probatorislibns
866 3843 1038 3912 quantitatem
1058 3857 1082 3900 et
1098 3847 1171 3916 quali
1236 3837 1406 3910 teutpertus
1431 3851 1522 3911 petere
1547 3843 1646 3908 teletis
1671 3861 1729 3897 ΜΦ
1754 3846 1890 3915 imiimi
1916 3849 2052 3917 pelfuelss

365 3932 449 3977 tatem
467 3924 600 3994 lignorum
620 3924 770 3993 desipuere,
787 3925 856 3994 qnod
876 3926 926 3980 hon
946 3943 1005 3979 casn
1024 3937 1094 3982 actor
1114 3947 1148 3982 ut.
1160 3949 1185 4001 g.
1235 3933 1390 3992 sperantur,
1410 3935 1438 3980 et
1457 3935 1548 3982 ustura
1568 3944 1656 3982 return
1674 3929 1793 3982 incertus
1816 3931 1852 3983 sit
1876 3949 2008 3986 uumerus
2023 3933 2053 3984 li·

364 4008 447 4080 probe
464 4007 632 4073 observarit,
651 4025 741 4061 rernm
762 4010 842 4063 etiem
862 4011 890 4063 iu
909 4029 1000 4066 ιιιιιι
1017 4014 1187 4069 conclusione
1236 4007 1358 4062 berorum
1384 4029 1435 4064 uno
1454 4021 1530 4081 perio
1549 4013 1723 4066 edendorum
1743 4011 1832 4066 ferun
1855 4015 1934 4068 etiarn
1954 4036 2008 4070 uun
2025 4034 2053 4069 ο·

366 4091 513 4161 diligenter
537 4106 630 4160 urgere
652 4088 782 4158 judicem,
802 4100 830 4144 ut
852 4093 1027 4162 quantitatem
1047 4098 1075 4148 in
1094 4098 1186 4150 libello
1237 4109 1312 4144 mnes
1330 4093 1385 4148 riri
1404 4103 1554 4148 nascentur.
1572 4095 1768 4165 nequissimum
1788 4113 1849 4168 erpo
1867 4101 2054 4162 eet,iueertee

371 4175 480 4245 quidem
496 4175 640 4242 omissam,
659 4174 688 4226 ln
716 4174 877 4244 probatoriie
903 4187 989 4232 temen
1008 4182 1129 4234 articulis
1148 4185 1187 4235 lu·
1237 4177 1321 4245 petii!
1347 4176 1553 4232 &adiectionem
1573 4179 1598 4230 ei
1624 4179 1741 4232 wncedi.
1758 4180 1778 4232 1·
1804 4183 1829 4236 1.
1853 4189 1874 4246 i·
1898 4193 1953 4236 ttet-
1978 4185 2007 4237 ei·
2031 4187 2055 4238 σι’

369 4259 490 4312 colenter
508 4265 650 4322 assertam,
663 4259 804 4312 seutentiee
822 4259 921 4314 inseret
939 4261 972 4314 ed
990 4261 1129 4318 evitandae
1146 4282 1177 4318 ex
1235 4279 1310 4334 pare.
1327 4261 1438 4318 deusd.
1449 4275 1502 4330 pst.
1516 4265 1574 4316 llon
1589 4263 1672 4332 igitur
1687 4281 1748 4318 casu
1766 4267 1860 4320 actoris
1878 4283 1952 4320 auem
1972 4278 2053 4323 retae

331 4343 495 4412 qeeuttouts
513 4337 693 4394 difficultates.
708 4343 778 4395 licus
796 4343 869 4395 enirn
889 4343 1007 4415 alioquin
1027 4347 1185 4402 audebunt.
1238 4347 1383 4413 inponere
1404 4346 1532 4414 petentia,
1552 4364 1603 4398 uon
1623 4346 1721 4415 adjecta
1739 4359 1833 4418 quota,
1851 4351 2010 4406 tolerabitur
2024 4352 2052 4403 li·

368 4423 496 4491 flrmere,
517 4435 634 4478 actorem
661 4441 713 4478 uon
739 4424 832 4480 idonce
861 4427 987 4496 probisse
1012 4432 1187 4502 quantitatem
1241 4427 1333 4480 beline.
1352 4425 1454 4497 Quodsi
1480 4424 1566 4480 tatnen‘
1592 4429 1749 4484 cohaeredes
1775 4431 1913 4485 habiturus
1938 4433 1973 4484 sit
1995 4450 2053 4486 cott-

372 4525 488 4578 wilm,
506 4527 565 4562 cum
586 4510 650 4564 hm
669 4510 698 4562 in
717 4513 848 4564 senlenii!
869 4510 1006 4570 definisti!
1024 4533 1075 4568 nou
1097 4517 1189 4586 depre-
1239 4511 1397 4578 etniietliei,
1416 4526 1464 4564 nec
1481 4511 1713 4565 contradictionem
1730 4514 1800 4568 cim
1817 4517 1901 4587 ipim
1920 4517 1988 4584 iuri!
2001 4519 2056 4570 im·

368 4597 591 4662 iteudetur,quee
610 4605 697 4647 tamen
716 4611 807 4646 nortae
821 4606 858 4649 est
871 4597 1035 4650 executionis
1047 4597 1190 4653 iaciendas.
1239 4593 1358 4649 rediturii
1383 4596 1563 4663 quaestionem
1583 4613 1596 4644 ι
1618 4597 1818 4666 posthumurum
1844 4597 1976 4653 tutoribus
2003 4617 2055 4654 ute·

370 4681 462 4736 lutosi
478 4679 621 4746 judexnon
640 4677 722 4732 tuerit
739 4678 782 4732 bie
799 4679 924 4749 precibus
942 4679 1091 4745 obsecutus,
1108 4681 1190 4737 niueis
1243 4689 1310 4741 luet,
1328 4679 1433 4734 brerern
1460 4679 1595 4748 puerperii
1624 4681 1706 4734 loturi
1734 4699 1833 4734 moretn
1859 4693 2055 4754 exspectereat

369 4765 455 4836 sigile
472 4765 582 4818 tortasse
601 4761 687 4816 libelli
708 4771 825 4816 tenorem
846 4764 993 4832 sequendo,
1010 4775 1124 4835 praestet
1140 4769 1193 4822 leu-
1240 4763 1367 4833 deinceps
1389 4765 1424 4816 ed
1449 4763 1607 4819 diuisionem
1631 4767 1722 4820 stetim
1744 4769 1866 4837 progredi
1896 4770 1981 4823 aetius
2002 4781 2055 4836 est,

370 4852 528 4906 tentionem
555 4849 744 4917 interponere,
762 4864 840 4920 quesn
864 4865 923 4902 cusu
948 4851 1044 4918 jactura
1063 4855 1193 4922 temporis
1237 4866 1316 4920 quant
1335 4849 1364 4900 iu
1383 4858 1542 4900 antecessum
1562 4846 1718 4902 trustraueis
1731 4867 1758 4902 se
1775 4849 1924 4920 sumptibus
1941 4849 2056 4921 fatigare.

370 4933 473 4988 futuras
492 4935 554 4986 lites
572 4931 677 5001 longius
695 4943 853 5003 exspectare.
882 4932 911 4984 ln
931 4933 1039 5001 judiciis
1057 4935 1193 4991 diuisoriis
1244 4935 1292 4988 Sin
1310 4919 1401 4985 autem
1413 4933 1480 5001 juria
1493 4930 1661 4983 haereditarii
1675 4934 1881 4988 controuersiam
1894 4933 1949 4984 sibi
1963 4919 2086 4988 enotuet⁸

373 5017 460 5072 laxior
477 5016 585 5086 quidem
599 5016 681 5069 actori
699 5015 768 5068 eirca
789 5015 873 5070 libelli
892 5018 1088 5086 generalitatem
1106 5035 1194 5075 conce·
1243 5017 1277 5070 iti
1296 5017 1437 5086 conjiciet,
1456 5016 1601 5069 consultum
1621 5015 1727 5070 ridetur
1744 5015 1915 5070 baereditatis
1932 5018 2058 5086 petitione

374 5100 447 5154 ditur
474 5101 601 5165 licentia,
620 5116 675 5152 nan
701 5108 789 5152 tamen
809 5109 897 5164 tante,
916 5109 945 5151 ut
963 5112 1042 5153 ratetu
1062 5119 1133 5156 sustu
1152 5123 1194 5174 pe·
1242 5102 1318 5172 priua
1336 5101 1540 5173 experiri,iieet
1559 5111 1629 5154 ratae
1647 5105 1778 5172 quantitas
1797 5103 1830 5157 sit
1846 5102 1931 5154 adbuc
1952 5105 2057 5158 incerta.

371 5195 429 5238 tere
447 5181 584 5247 sufficiat,
598 5184 651 5238 uisi
669 5193 750 5255 quote
766 5193 794 5236 ct.
811 5194 906 5256 quauta
925 5199 954 5234 ee
972 5185 1057 5254 portin
1073 5195 1128 5240 tale
1141 5189 1193 5257 sit,
1244 5185 1361 5241 Obteuto
1377 5187 1450 5240 enine
1469 5187 1578 5239 interim
1599 5201 1645 5255 per
1663 5203 1718 5239 rem
1737 5186 1876 5255 judicatam
1897 5187 1957 5254 jure
1977 5188 2057 5242 baete

377 5288 411 5323 au
432 5271 511 5323 tertia
530 5289 563 5323 en
582 5279 671 5338 quarte
691 5269 793 5324 diserte
815 5270 997 5340 exprimetur,
1014 5272 1138 5341 quoniam
1158 5278 1195 5343 jn·
1246 5271 1355 5336 ditatio,
1369 5271 1520 5340 promptior
1537 5279 1563 5322 et
1582 5255 1701 5339 paratior
1718 5271 1770 5323 erit
1787 5269 1873 5324 riaad
1892 5270 2060 5324 diuidenda·

372 5351 536 5408 dexcertern
552 5353 668 5425 alioquin
688 5355 846 5408 sententiam
865 5354 936 5408 ferre
954 5357 1058 5426 nequit,
1074 5370 1196 5416 monente
1247 5357 1436 5412 haerediteteut
1465 5355 1612 5426 posthumis
1638 5356 1763 5426 deinceps
1787 5357 1867 5410 natis.
1883 5355 1939 5408 tter
1958 5357 2058 5410 nocebit

372 5439 551 5492 excellentiss.
578 5439 624 5491 dn·
652 5436 771 5506 Berpcro
796 5440 834 5492 od
858 5439 971 5492 lauteri.
997 5440 1030 5494 de
1048 5455 1071 5494 r.
1091 5459 1113 5495 ι.
1131 5461 1195 5512 pap.
1245 5442 1376 5493 sententia
1400 5439 1548 5508 generalis,
1566 5455 1616 5507 que
1642 5439 1695 5492 lete
1719 5450 1788 5493 actor
1812 5431 1861 5509 p'ro
1883 5439 1998 5494 berrede
2022 5447 2059 5493 est

374 5522 437 5576 tut.
458 5521 585 5592 Quamuis
603 5521 675 5576 enirn
697 5522 778 5588 judex
796 5522 1196 5594 pronunciet,reiiquussocins
1243 5520 1406 5588 doctoratus,
1425 5534 1450 5577 et
1467 5521 1520 5593 ipsi
1539 5539 1583 5574 sna
1604 5531 1657 5574 reta
1683 5521 1882 5589 indeterminate
1896 5521 2060 5589 adjutlieate,

373 5610 458 5664 actori
477 5617 581 5679 partem
606 5617 689 5662 retent
709 5618 841 5678 praestare
865 5607 980 5672 debere,
996 5619 1085 5663 manet
1110 5621 1195 5668 temen
1246 5608 1370 5677 quoniam
1390 5609 1446 5677 ejus
1463 5617 1566 5678 quotam
1585 5615 1674 5674 postea
1695 5607 1752 5680 ipse
1771 5623 1895 5663 uutueres
1912 5605 2061 5679 posthunc·

372 5689 457 5746 adbuc
476 5709 558 5768 aeque
577 5693 722 5762 incertum,
735 5699 813 5764 quote
831 5695 893 5746 reta·
905 5689 1037 5747 debeatur.
1050 5693 1138 5764 Quae
1151 5713 1195 5748 uo·
1248 5709 1305 5747 tutu
1326 5688 1468 5771 manifesto
1486 5689 1687 5746 demonstrabit.
