4442 6158
203 401 486 478 pendebant,quando
507 420 520 453 a
539 403 697 456 caudiearlis
713 407 820 456 tomam
845 415 934 456 essent
953 405 1025 460 alric.

203 489 292 550 nnsis,
305 489 352 557 qui
367 486 513 556 Zygostssii
523 487 734 558 appellabantur,
747 505 857 556 qnorum
873 493 972 543 mentio
983 489 1024 546 fit.

148 573 187 626 42
204 575 234 624 s'o
244 573 263 626 1.
277 569 367 638 ²⁸·ff·
379 573 413 623 de
424 583 545 624 excusor.
557 570 613 624 vid.
631 587 708 637 supr.
731 590 758 625 n.
779 573 822 622 2⁰.
843 573 875 622 ad
893 575 1024 629 llomsuo.

202 673 262 710 rom
276 655 363 723 itaque
382 656 532 722 exemplum
548 654 630 708 mnus
640 671 670 709 ao
681 655 787 724 sapiens
799 657 957 727 princepset
968 662 1026 716 bor·

203 757 248 796 rea
261 739 365 808 publiea
378 739 467 790 extrui
484 738 605 804 curabit,
625 747 653 790 st
674 740 859 807 magistratus,
871 742 917 808 qui
934 761 1024 797 eorum

202 841 292 876 euram
306 824 427 887 babeant,
442 825 477 876 iis
489 835 645 893 praeponet,
663 839 774 892 quorum
788 820 908 876 officinm
922 828 972 880 iate
985 847 1028 882 es·
1046 831 1049 836 '

204 911 279 978 ponit
292 909 382 961 Peres-
395 907 424 958 in
436 908 497 960 cod.
510 909 548 960 sd
558 909 596 960 tir.
607 909 639 960 de
650 909 730 962 cond.
747 909 774 959 iu
787 909 861 974 pubi.
874 911 984 965 horreis.
999 933 1025 966 u.

147 998 186 1052 43
206 991 249 1042 10.
261 1004 335 1058 seqq.
350 990 388 1041 na
401 1001 512 1058 utroque
525 990 554 1042 in
568 992 681 1058 imperio
701 1002 791 1045 nostro
811 992 952 1061 prudenter
970 1012 1023 1065 pro·

203 1083 321 1142 spectum
338 1071 467 1138 reperitur
480 1072 509 1122 irs
521 1087 615 1124 recesn
635 1071 730 1137 imper.
749 1070 783 1124 da
802 1090 878 1125 norro
906 1073 984 1129 1641.
1004 1079 1028 1148 5.

204 1156 362 1210 Aures'clseu
375 1153 419 1208 dia
428 1152 614 1225 Apsticiitoeg
621 1157 748 1223 gaminae
758 1157 1031 1224 Hegesia-nodhu-

206 1238 438 1301 mane-Haemo,
452 1249 478 1290 et
491 1239 525 1291 de
537 1257 613 1291 nono
630 1240 709 1292 1666.
723 1241 748 1308 5.
764 1240 829 1292 llud
840 1239 965 1296 oberwir
976 1243 1031 1297 iaie·

206 1325 451 1380 innormitatem
465 1327 629 1394 torigisclsen,
648 1323 770 1396 topffarn
790 1328 848 1380 und
870 1329 1030 1384 cerstoendi·

202 1430 255 1482 gen
271 1410 365 1461 liberat
377 1406 620 1461 Proriautmeister
635 1406 725 1476 gesort
736 1417 786 1462 ete.
804 1417 832 1460 et
852 1410 880 1460 in
906 1412 971 1464 urbe
989 1430 1030 1478 pa·

208 1495 268 1553 tria,
284 1493 397 1561 lipsiae,
412 1507 464 1544 ooo
479 1490 562 1543 solum
578 1491 630 1542 tale
643 1487 798 1544 aedificium
818 1493 952 1560 publicum
967 1493 1029 1562 (dur

205 1575 399 1644 Korniaonss),
410 1584 557 1627 extructum
569 1585 620 1636 est,
633 1573 679 1624 sed
692 1572 823 1626 oiiicisles
836 1585 970 1642 praeterea
989 1597 1030 1630 su.

203 1657 239 1708 rii
252 1657 497 1720 (florescite-siler,
512 1656 721 1725 llornmesser),
733 1657 778 1726 qui
792 1657 830 1708 rei
844 1656 1031 1713 frumentariae

205 1757 296 1796 rursm
311 1743 433 1804 babeant,
447 1743 585 1794 constituti
600 1750 671 1792 sunt.

153 1831 189 1884 ιι
245 1825 359 1878 Dixin.
380 1826 423 1876 18.
444 1824 597 1894 Principem
617 1840 696 1892 porro
715 1820 897 1892 exportationi
914 1820 1029 1875 lrnmen·

211 1909 295 1962 tsriae
312 1910 345 1960 sd
363 1908 472 1978 quossis
486 1907 589 1960 obicem
610 1923 707 1976 ponere
725 1922 811 1975 posse,
830 1907 851 1958 si
872 1907 965 1972 legem,
979 1925 1028 1974 qua

202 1991 331 2046 eamdem
351 1991 501 2060 probibeat,
520 1989 624 2043 civibus
635 1989 689 2042 suis
704 1989 858 2058 promulget,
870 1989 947 2056 quale
960 2007 1030 2058 praa·

206 2087 312 2144 ceptum
333 2073 448 2128 maxime
465 2075 498 2127 ad
515 2073 680 2127 avertendam
700 2089 820 2124 annonae
837 2074 973 2124 caritatem
992 2072 1028 2125 ls-

209 2175 271 2212 cere
287 2157 365 2212 docet
381 2157 534 2226 marquart.
551 2157 597 2210 lid.
619 2155 644 2209 4.
670 2156 703 2209 de
722 2165 831 2208 merent.
850 2172 873 2206 c.
890 2156 918 2206 ''l.
936 2173 962 2206 n.
981 2154 1028 2209 41.

150 2259 187 2312 ιιι
206 2243 258 2296 Ubi
278 2240 362 2294 initio
379 2242 531 2309 quaeritur:
549 2259 583 2293 an
610 2250 634 2293 et
665 2238 831 2307 magistratus
857 2239 1028 2308 municipalis

207 2332 336 2378 statutum
356 2324 389 2376 de
408 2339 462 2376 non
480 2324 646 2391 exportando
664 2320 797 2376 iromento
814 2321 959 2375 concedere
969 2338 1027 2391 pos·

203 2407 258 2463 siti
272 2407 351 2476 Quod
366 2407 477 2458 omnino
492 2403 680 2459 affirmandum
694 2405 808 2468 ridetur,
820 2405 956 2472 quoniam,
966 2405 1028 2455 duro

199 2491 333 2561 ,princeps
352 2489 406 2560 ipsi
426 2499 585 2557 potestatem
603 2487 763 2560 disponendi
777 2487 899 2540 derebus
912 2487 944 2539 sd
959 2505 1029 2562 onos·

199 2591 314 2628 ,mursam
335 2571 479 2641 municipii
506 2572 649 2626 utilitatem
677 2571 859 2640 spectantibus
884 2571 1029 2631 concessit,

203 2659 288 2712 etiarn
306 2656 340 2710 de
357 2655 409 2708 boc
427 2665 527 2708 statuto
544 2655 699 2720 condendo,
717 2667 843 2724 quatenns
861 2671 909 2724 per
935 2654 962 2705 id
981 2672 1029 2722 po·

205 2737 279 2792 blica
296 2737 397 2790 utilitas
415 2747 592 2806 procuratur,
609 2747 765 2808 potestatem
785 2736 890 2788 dedisse
908 2735 1028 2790 ridetur.

151 2823 190 2878 dt}
209 2820 377 2889 Amplismns
396 2819 469 2870 diets
483 2854 490 2883 ,
505 2829 535 2872 ιιι
554 2819 604 2872 tale
617 2829 745 2872 statutum
757 2817 908 2888 nequidem
923 2836 1029 2888 expres·

205 2919 233 2958 ss
255 2903 386 2974 principis
404 2903 596 2974 approbatione
612 2919 678 2973 opes
696 2903 804 2969 babeat,
829 2905 890 2972 quis
912 2903 1029 2955 atomi·

205 2985 362 3041 strationem
383 2989 513 3044 bonorum
533 2986 736 3051 communium,
755 3001 807 3038 nuo
834 3000 895 3040 tero
922 2986 1032 3039 decisio·

206 3090 270 3126 nem
288 3091 425 3128 cansarum
445 3071 592 3124 forensium
610 3071 755 3125 concernit.
774 3069 807 3125 tt.
825 3069 971 3124 Brunoens.
990 3088 1029 3126 re·

207 3157 281 3222 peris.
295 3158 422 3223 parasiti.
436 3156 569 3213 Wesenb.
582 3154 672 3209 odric.
685 3155 718 3207 rie
731 3155 760 3206 tt.
772 3171 798 3221 p.
811 3155 836 3206 c.
850 3165 876 3206 es
887 3154 916 3205 ia
930 3163 1039 3206 aarum:

209 3238 249 3294 ad
258 3240 275 3290 i.
286 3237 355 3308 ιβ’.
366 3238 400 3292 ds
405 3240 432 3312 1⁸.
447 3250 473 3291 et
479 3239 505 3311 1'·
519 3239 583 3292 rud.
597 3239 671 3308 confi
681 3240 761 3292 ilect.
775 3237 869 3307 Capye.
883 3236 1033 3293 Latrocon·

209 3323 327 3376 miset.
337 3315 368 3379 n.
387 3325 413 3376 ⁵1.
425 3333 452 3376 et
464 3323 492 3374 6.
844 3341 845 3344 ’

152 3425 192 3480 η
246 3408 383 3479 Quicquid
403 3407 480 3475 liujus
498 3407 543 3470 sit,
562 3406 618 3458 sire
636 3405 759 3476 princeps
770 3443 780 3472 ,
808 3407 864 3462 aire
889 3407 956 3462 alius
972 3409 1017 3479 qni

208 3493 272 3548 dans
290 3493 458 3560 magistratus
477 3491 595 3543 similem
613 3490 699 3559 legem
717 3488 796 3553 ierat,
813 3507 847 3543 an
864 3507 894 3543 ea
912 3493 976 3558 justa
996 3492 1031 3544 sit

206 3586 238 3630 et
254 3577 374 3646 obliget!
395 3591 473 3646 porro
490 3575 660 3644 disquiritur.
679 3577 732 3628 Pro
757 3577 878 3642 negatisa
904 3578 969 3628 illud
989 3577 1029 3629 si·

204 3659 303 3724 fertur,
320 3671 387 3730 quot
407 3677 456 3732 per
471 3676 530 3712 earu
550 3657 667 3712 rideatur
678 3658 751 3710 t'rans
764 3655 823 3710 ficri
838 3661 889 3727 juri
904 3663 1032 3726 gentium,

205 3747 280 3815 juxta
296 3743 366 3814 quod
383 3743 601 3796 commerciorum
621 3757 682 3794 osus
701 3743 769 3795 liber
795 3758 853 3797 esse
876 3742 971 3796 debet.
998 3745 1029 3794 Δι

205 3845 258 3898 per
275 3827 342 3880 ltsuc
361 3825 575 3898 prohibitionem
594 3826 778 3895 monopolium
795 3824 928 3895 quoddam
948 3827 1032 3894 injus·

211 3921 270 3964 tum
291 3911 393 3974 induci,
410 3909 527 3978 adeoque
542 3917 570 3961 ιι
589 3911 640 3961 tale
657 3919 779 3962 statutum
797 3909 899 3978 justitia
913 3909 1032 3964 destitui.

154 3998 194 4052 46
215 3993 365 4066 Respondet
383 3993 416 4047 sd
427 3993 494 4045 banc
505 3992 681 4060 objectionem
695 3991 830 4046 Kolobon.
843 3991 877 4044 de
885 3993 949 4062 jore
960 3993 1029 4046 rubi.

211 4080 298 4134 torric.
315 4096 339 4132 c.
355 4077 384 4131 4.
402 4095 431 4130 ss.
450 4077 513 4130 664.
529 4092 603 4146 seqq.
622 4077 763 4144 procedere
781 4074 851 4128 dicta
864 4075 897 4128 de
910 4076 1033 4128 libertate

210 4163 443 4225 commerciorum,
461 4159 531 4231 qood
549 4159 676 4212 nimirum
690 4159 871 4213 uenditionem
884 4175 914 4211 ae
924 4159 1032 4228 emptio-

208 4263 272 4300 nem
290 4263 379 4302 rerum
398 4246 528 4301 renalium
548 4243 654 4296 turbare
671 4260 723 4296 unu
742 4243 892 4307 debeamus,
911 4241 933 4294 si
953 4242 1034 4294 abun-

211 4333 302 4384 dantia
320 4347 408 4384 rerum
428 4327 595 4388 dominetur,
612 4341 666 4378 oon
691 4343 752 4380 sero
770 4325 792 4377 si
817 4325 925 4396 penuria
943 4342 1031 4378 esrum

155 4413 194 4468 49
213 4416 419 4475 Ιιιιοιιιιιιιι,ιιι
437 4413 514 4481 Quae
531 4407 708 4478 responsiosd
720 4409 902 4477 magistratum
921 4409 1033 4460 munici-

213 4501 299 4568 paiem
315 4494 509 4550 accommodata
528 4490 632 4544 tolerari
647 4487 965 4558 tonepooat.ttte·eutm
977 4505 1031 4541 non

211 4601 260 4652 pro
276 4581 363 4635 lubitu
383 4587 537 4648 potestatem
555 4583 652 4628 statuta
671 4573 828 4627 condendis
847 4575 970 4643 principe
987 4591 1030 4626 ae·

212 4667 314 4736 cepisse
332 4660 521 4734 praesumitur,
539 4657 584 4711 sed
603 4675 651 4728 pro
672 4657 792 4710 utilitate
817 4665 919 4710 tautum
947 4656 1032 4710 mnni-

212 4747 289 4820 cipii,
305 4763 371 4816 quae
390 4760 442 4796 nou
462 4741 567 4796 ridetur
583 4755 678 4809 urgere
694 4741 773 4794 talem
792 4741 886 4809 legem,
904 4740 927 4793 si
947 4742 1029 4794 abnn-

156 4842 195 4894 ω
213 4832 304 4886 dantia
321 4825 449 4880 frumeuti
468 4825 548 4878 adsit.
566 4823 695 4893 Quamvis
706 4835 734 4876 et
752 4824 802 4876 boc
819 4823 847 4876 in
865 4839 925 4876 casu
943 4823 1032 4875 dicere

214 4912 312 4986 possis,
331 4907 472 4982 prudentis
490 4905 658 4974 magistratus
675 4919 740 4966 ense,
760 4914 789 4956 ιιι
807 4903 919 4956 utilitati
938 4905 1029 4956 cirita·

214 5001 252 5050 tis
269 5011 340 5058 suae,
359 5009 411 5047 nuo
432 4999 533 5043 tantum
552 4987 585 5039 ds
604 4986 745 5056 praesenti,
757 4983 803 5038 sed
823 4995 851 5036 et
868 4985 896 5036 in
910 4983 1030 5038 intortam

205 5099 262 5154 -per
278 5081 328 5135 ltuc
344 5087 466 5134 statatum
486 5072 642 5144 praespiciat.
660 5070 695 5122 tt
712 5069 781 5139 quod
800 5068 952 5140 principem
970 5085 1031 5122 con·

213 5165 313 5228 cernit,
332 5171 406 5216 uerte
422 5175 456 5214 ex
474 5159 536 5210 aliis
555 5155 701 5229 principiis
728 5155 791 5208 baec
817 5155 853 5206 lis
878 5153 1030 5208 dirimenda

213 5265 271 5304 esse
293 5247 416 5299 ridetur.
435 5243 563 5311 Princeps
588 5239 660 5292 enim
682 5238 801 5292 similam
827 5238 1032 5309 exportationem

199 5331 296 5385 =etlana
313 5332 342 5382 in
363 5326 479 5381 maxime
495 5321 639 5376 abundanti
658 5321 787 5375 frumeuti
805 5322 879 5388 ospia
893 5323 962 5389 inste
974 5337 1033 5389 pro·

158 5439 195 5492 gg
215 5417 311 5470 bibere
328 5413 436 5484 poterit.
448 5405 678 5478 Quemadmodum
698 5409 770 5456 enim
787 5403 901 5458 cuilibet
919 5405 1031 5457 liberum

216 5509 257 5552 est
275 5505 398 5557 statuere,
416 5491 480 5562 quid
498 5491 633 5560 acquirere
650 5488 715 5540 aelit
727 5487 768 5541 rel
781 5503 843 5553 non,
856 5487 973 5556 adeoque
985 5503 1033 5557 ego

202 5581 324 5634 -terrium
342 5593 437 5645 eogere
453 5591 506 5626 nou
525 5589 640 5644 possum,
658 5579 687 5623 ut
706 5585 748 5624 res
762 5587 832 5622 meas
843 5580 924 5632 amat,
936 5573 1032 5640 quibos

215 5684 267 5738 ego
283 5663 388 5718 abundo
404 5670 431 5715 et
451 5661 506 5730 ipse
524 5661 560 5713 iis
576 5672 643 5731 opus
661 5656 749 5722 habete
767 5653 822 5710 rid.
840 5653 917 5708 (iret.
928 5655 1033 5724 dejure

573 305 623 362 DE
643 302 849 374 coensem
869 303 1050 364 l'ElliCll’lS
1070 303 1175 362 ctttct
1195 301 1518 378 tormentcrum.

1075 403 1100 454 i.
1114 417 1142 459 er
1156 423 1182 474 p.
1201 403 1247 454 lii.
1268 403 1293 454 ι.
1313 417 1370 469 cap.
1391 401 1416 452 2.
1434 401 1457 464 ι.
1480 399 1524 451 ιι.
1542 395 1555 468 (
1572 399 1645 468 cnjus
1669 397 1693 472 5.
1713 416 1820 454 sensum
1841 419 1894 458 nou

1077 487 1214 538 commode
1234 484 1337 538 ridetur
1357 485 1506 552 percepisse
1524 482 1570 536 «tn.
1591 483 1694 535 Simon.
1712 483 1742 536 in
1767 488 1840 539 nnts'r
1858 485 1898 541 nd

1075 571 1188 636 esemel.)
1208 571 1244 622 ita
1263 586 1295 622 ex
1315 576 1406 618 natura
1426 567 1568 618 relatorum
1587 583 1635 619 nec
1653 569 1719 620 alter
1733 586 1774 619 me
1791 571 1897 638 adigere

1078 657 1184 722 poterit,
1198 665 1226 706 ιιι
1246 652 1297 722 ipsi
1319 667 1360 701 res
1380 666 1459 712 suess,
1477 649 1572 717 quibus
1586 651 1642 718 ipse
1657 649 1765 720 indiget,
1777 669 1896 718 egerere

1077 737 1191 800 abundo,
1209 737 1328 789 rendam.
1348 732 1401 783 sid.
1422 731 1530 800 magnii.
1548 733 1594 784 dn.
1614 734 1697 800 Ziegl.
1710 736 1737 788 r'n
1751 747 1806 788 not.
1819 737 1857 788 od
1866 738 1894 787 d.

1079 821 1158 870 Grot.
1176 837 1236 886 cop.
1255 818 1280 888 5.
1301 817 1343 867 tt.
1361 815 1436 880 confi
1457 819 1591 884 llenniges
1615 817 1676 868 t'bt'd.
1705 820 1749 885 qni
1777 830 1804 870 et
1835 820 1895 889 ipse

1079 904 1288 970 prohibitionem
1307 898 1472 952 venditionis
1490 895 1678 950 frumentariae
1691 903 1723 950 ad
1740 909 1842 968 tempus
1854 917 1896 969 pe·

1078 987 1170 1038 nuriae
1186 1003 1245 1036 crarta
1264 985 1361 1036 Grotio
1389 982 1528 1048 restringit
1556 983 1620 1047 ced,
1639 1000 1698 1034 crim
1724 976 1900 1051 quilibet'sit

1079 1073 1161 1138 justus
1180 1086 1268 1122 rernm
1288 1084 1393 1120 suarum
1414 1065 1567 1117 moderator
1584 1075 1609 1115 et
1629 1065 1738 1128 arbitert
1757 1075 1782 1117 et
1801 1069 1830 1119 in
1849 1068 1898 1122 ltoc

1080 1171 1140 1206 casn
1159 1161 1272 1222 potestas
1288 1152 1355 1203 mibi
1376 1151 1545 1218 relinquetur,
1566 1149 1709 1214 ststnenali,
1728 1151 1792 1220 quid
1810 1166 1842 1202 ex
1856 1153 1897 1204 sb·

1081 1237 1203 1290 undantia
1223 1253 1278 1288 mea
1297 1235 1374 1289 alteri
1394 1233 1506 1286 rendere
1524 1231 1603 1284 selim
1627 1234 1666 1286 rel
1685 1250 1754 1286 non.
1781 1235 1857 1304 Quod
1877 1236 1899 1288 si
1918 1231 1954 1285 tt

1081 1323 1168 1390 itaqua
1186 1321 1311 1390 princeps
1329 1329 1481 1372 extraneum
1501 1315 1531 1366 ad
1550 1315 1692 1368 emendum
1712 1315 1764 1368 sibi
1786 1317 1901 1370 frumen·

1079 1417 1132 1457 tum
1153 1407 1221 1456 nolit
1237 1404 1384 1461 admittere,
1404 1417 1566 1466 nequaqnam
1586 1415 1633 1469 per
1645 1401 1693 1452 boc
1706 1400 1802 1468 injuria
1815 1401 1901 1470 ipsum

1078 1485 1231 1550 aibeiet,ob
1250 1505 1337 1557 quam,
1357 1487 1379 1536 si
1399 1496 1425 1536 et
1445 1486 1511 1537 alter
1528 1500 1630 1536 somma
1650 1497 1777 1555 potestate
1796 1486 1901 1555 polleat,

1080 1568 1178 1622 bellum
1197 1570 1335 1639 deneganti
1355 1567 1514 1620 frumentum
1536 1566 1635 1619 interra
1653 1569 1752 1636 possit,
1778 1569 1847 1637 quod
1865 1572 1903 1624 si·

1080 1655 1156 1704 detur
1174 1653 1286 1705 voluisse
1303 1653 1417 1705 Grotius
1434 1654 1461 1704 ai.
1480 1649 1603 1722 1519.
1625 1652 1753 1719 Quamcis
1771 1655 1844 1706 enirn
1862 1657 1902 1724 ins
1922 1657 1956 1710 te

1080 1749 1186 1788 naturae
1206 1755 1249 1788 ane
1265 1737 1383 1804 obliget,
1403 1746 1431 1786 ιιι
1451 1736 1529 1788 alteri
1553 1737 1688 1804 indigenti
1713 1754 1790 1806 opera
1819 1737 1902 1792 teram

1079 1837 1112 1870 ex
1130 1819 1290 1873 abundantis
1311 1837 1377 1882 mea,
1397 1830 1484 1871 tamen
1505 1823 1528 1871 l.
1540 1833 1566 1870 ιι
1584 1821 1711 1888 obligatio
1724 1820 1788 1872 hacc
1802 1821 1901 1892 imper·
2007 1869 2009 1874 ,

1081 1901 1147 1954 lecta
1166 1916 1202 1954 est
1220 1909 1312 1971 (qnae
1330 1904 1368 1954 nti
1389 1903 1417 1954 iu
1437 1902 1494 1956 foro
1512 1904 1586 1956 cirili
1606 1920 1658 1955 oon
1678 1905 1745 1971 parit
1765 1906 1866 1958 actione
1894 1942 1902 1968 ,

1078 1986 1116 2038 its
1136 2003 1185 2038 nec
1201 1987 1229 2038 in
1250 1987 1307 2040 ioro
1325 1989 1442 2055 gentium
1462 1989 1552 2038 eadem
1570 2005 1620 2040 non
1634 1987 1787 2057 adimpleta.
1804 1989 1902 2044 bellom

1082 2071 1150 2120 milti
1170 2073 1326 2140 permittit)
1344 2083 1370 2122 ιι
1389 2071 1414 2120 1.
1432 2071 1511 2122 alteri
1533 2083 1646 2139 potestas
1666 2088 1718 2124 nou
1741 2071 1826 2124 danda
1843 2085 1901 2138 est,

1079 2163 1108 2205 ut
1127 2154 1185 2223 ipse
1206 2155 1259 2204 sibi
1280 2165 1436 2224 potestatem
1457 2166 1543 2206 sumat
1562 2153 1713 2221 judicandi,
1731 2155 1794 2224 qnid
1813 2171 1845 2208 ex
1864 2173 1904 2210 re·

1079 2237 1127 2287 bos
1146 2238 1213 2289 meis
1232 2236 1368 2288 abundans
1381 2239 1427 2300 sit,
1445 2237 1509 2307 qnid
1529 2239 1721 2302 necessnriumq
1739 2249 1766 2291 et
1787 2238 1903 2308 deniqne

1079 2319 1105 2370 6.
1124 2335 1177 2370 non
1196 2321 1373 2387 praesumitur
1395 2330 1465 2371 tants
1484 2335 1542 2372 essa
1562 2321 1634 2373 tertii
1654 2322 1823 2390 indigentia,
1840 2341 1901 2377 cum

1078 2403 1236 2452 commercia
1256 2401 1344 2454 ubivis
1363 2411 1481 2471 pateant,
1500 2413 1528 2455 ut
1548 2405 1656 2456 aliunde
1681 2404 1758 2458 tacite
1781 2405 1834 2459 sibi
1853 2407 1898 2474 id,

1078 2486 1180 2554 quoda
1200 2503 1244 2537 me
1265 2489 1330 2554 petit
1352 2485 1517 2540 frumentum
1535 2503 1690 2558 comparare
1707 2491 1800 2560 possit.
1820 2491 1899 2561 Quod
1917 2513 1953 2566 gg

1078 2585 1139 2637 ergo
1157 2569 1191 2621 de
1209 2573 1311 2622 turbata
1330 2574 1548 2626 commerciorum
1567 2574 1689 2628 libertate
1712 2593 1739 2629 n.
1761 2575 1804 2629 tt.
1821 2595 1901 2648 oppo-

1079 2652 1211 2717 nebatur,
1230 2653 1278 2704 bue
1298 2669 1350 2704 non
1369 2657 1501 2722 qunirat,
1519 2673 1579 2709 curu
1598 2675 1676 2710 nemo
1700 2675 1734 2711 ex
1762 2659 1814 2713 isio
1830 2663 1899 2728 juris

1077 2735 1195 2803 gentium
1214 2737 1309 2805 eapite,
1326 2737 1395 2805 qood
1415 2740 1564 2790 libertatem
1583 2741 1802 2794 commerciorum
1823 2757 1897 2797 oom-

1081 2819 1202 2882 mendat,
1224 2822 1259 2873 its
1278 2821 1426 2889 obligetur.
1448 2833 1475 2874 ιιι
1493 2823 1577 2875 enisis
1608 2823 1635 2875 id
1665 2825 1829 2879 desideranti
1854 2842 1897 2882 res

1079 2905 1259 2966 coascendat,
1278 2915 1321 2956 sut
1339 2905 1449 2956 alterum
1470 2923 1512 2958 res
1531 2908 1652 2976 proprias
1671 2910 1786 2964 rendere
1810 2911 1898 2964 rolen-

1081 2997 1131 3036 ιιιιι
1151 2985 1220 3038 intra
1240 3005 1312 3038 snam
1330 2989 1465 3040 civitatem
1486 2989 1613 3054 stianittat,
1629 2992 1673 3043 sed
1687 2991 1719 3045 sd
1734 2993 1782 3046 buc
1795 3002 1897 3046 tantum

1078 3072 1274 3122 utcommerris
1289 3071 1316 3122 iu
1337 3073 1488 3125 uniuersum
1510 3090 1561 3126 nun
1582 3077 1729 3144 probibeat.
1752 3077 1819 3130 Vide
1829 3095 1900 3146 pune

1078 3159 1213 3225 eleganter
1233 3159 1304 3212 circu
1326 3161 1399 3213 banc
1420 3163 1563 3214 neoterium
1587 3163 1706 3216 adducit
1730 3165 1838 3231 magnit.
1852 3165 1898 3216 do.

1081 3243 1178 3312 Zigler.
1205 3247 1235 3295 in
1258 3243 1361 3297 dhaere.
1386 3245 1419 3298 de
1435 3247 1501 3317 jore
1520 3246 1753 3300 commerciorum.
1778 3248 1800 3316 ξ.
1814 3248 1898 3301 ιλιι

1082 3327 1126 3378 2³.
1150 3329 1333 3396 tttouopottuu
1360 3340 1466 3391 autern,
1490 3331 1610 3398 quatnris
1644 3329 1712 3382 torte
1742 3349 1788 3399 per
1820 3334 1896 3384 telem
1916 3353 1951 3405 53

1081 3410 1161 3478 legem
1176 3411 1325 3472 inducatur,
1337 3421 1421 3463 tamen
1436 3429 1570 3464 nrcosune
1584 3414 1761 3484 monopolium
1773 3417 1898 3470 illicitum

1081 3504 1130 3554 est,
1142 3510 1189 3546 nec
1204 3494 1252 3546 hoc
1264 3495 1335 3548 inter
1347 3496 1442 3548 illicita
1455 3497 1547 3548 reterri
1562 3498 1667 3566 poterit.

1116 3577 1256 3632 Vindicate
1276 3580 1326 3631 hoo
1346 3579 1423 3630 modo
1442 3581 1508 3648 legis
1525 3578 1654 3647 ejusmodi
1669 3579 1844 3648 prohibuisse
1856 3584 1896 3651 jn·
1916 3600 1951 3654 50

1081 3663 1164 3725 stitis,
1184 3665 1253 3718 ciros
1273 3665 1477 3734 explicationem
1496 3664 1613 3731 ejusdem
1633 3667 1721 3717 cariae
1743 3682 1772 3716 se
1785 3663 1901 3720 offerunt

1080 3747 1269 3812 quaestiones,
1286 3746 1451 3802 commodius
1471 3747 1540 3799 inira
1556 3787 1564 3811 ,
1581 3747 1626 3799 ubi
1647 3748 1680 3799 de
1702 3747 1808 3800 delictis
1829 3749 1900 3803 circs

1081 3828 1243 3881 frumentum
1261 3839 1376 3896 agemus,
1395 3827 1605 3898 pertractandae.
1623 3829 1734 3882 Unicarn
1753 3841 1852 3884 tanturn
1872 3831 1901 3882 in

1080 3915 1210 3983 praesenti
1229 3916 1425 3968 ventilabimus:
1444 3914 1513 3984 qnod
1533 3916 1555 3966 si
1581 3918 1622 3967 lex
1648 3916 1687 3968 sel
1710 3925 1833 3970 statutum
1853 3933 1901 3969 ex·

1082 3997 1261 4068 portstiouem
1280 3997 1408 4050 frumenti
1428 3999 1477 4050 sub
1496 4016 1580 4067 poena
1599 3999 1758 4066 probibeat,
1775 3999 1838 4071 quid
1857 4017 1902 4052 no·

1082 4080 1154 4132 mine
1172 4077 1297 4132 lrumenti
1318 4081 1581 4149 comprehendatur?
1598 4083 1670 4150 Qnae
1694 4083 1801 4151 quidem
1825 4099 1902 4154 qnae·

1083 4165 1136 4218 ctio
1160 4163 1241 4219 ratiis
1274 4165 1360 4219 modis
1390 4185 1452 4236 app.
1485 4175 1604 4220 suctores
1628 4169 1721 4236 agitata
1752 4167 1902 4238 deprehen·

1082 4251 1172 4304 ditur.

1126 4331 1246 4386 ldaxisns
1264 4331 1299 4384 lis
1317 4341 1355 4385 est
1374 4331 1408 4384 de
1416 4331 1538 4402 forino,
1558 4349 1591 4384 an
1617 4333 1690 4386 illius
1714 4333 1843 4386 extractio
1861 4332 1889 4386 in
1910 4344 1948 4399 57

1081 4417 1165 4470 simili
1184 4417 1241 4484 legs
1263 4415 1399 4486 prohibita
1424 4423 1561 4468 censeatur
1586 4419 1626 4468 aei
1654 4417 1726 4468 nnn?
1752 4416 1900 4470 Dubitandi

1078 4519 1128 4570 pro
1146 4500 1264 4568 negatira
1284 4503 1353 4553 ratio
1372 4499 1507 4570 potissima
1527 4499 1642 4561 allertor,
1656 4501 1725 4569 quod
1739 4502 1830 4554 stetisti
1844 4517 1899 4554 ser·

1080 4585 1112 4636 bs
1131 4584 1239 4654 proprie
1256 4591 1283 4636 ιι
1301 4585 1396 4636 stricte
1413 4583 1469 4636 sint
1493 4583 1665 4652 accipienda,
1691 4584 1851 4654 praeprimis
1874 4583 1899 4636 sl

1081 4683 1215 4720 versemur
1233 4667 1261 4719 ln
1281 4667 1389 4721 materia
1407 4667 1516 4731 odiosa,
1533 4668 1618 4735 qualis
1644 4684 1769 4736 praeseus
1787 4666 1899 4720 omuino

1079 4765 1136 4804 esse
1153 4749 1266 4810 ridetur,
1284 4748 1347 4801 dom
1366 4757 1393 4800 st
1409 4750 1518 4801 libertas
1529 4759 1590 4801 ante
1607 4749 1672 4801 banc
1690 4749 1896 4818 prohibitionem

1080 4851 1130 4904 pru
1148 4832 1236 4896 lubitu
1242 4830 1413 4884 'frumentum
1433 4833 1563 4884 sentiendi
1582 4843 1609 4883 ιι
1626 4835 1745 4895 emendi,
1771 4833 1899 4901 perhanc

1079 4921 1162 4988 legem
1181 4915 1365 4984 restringatur,
1384 4926 1407 4968 et
1425 4914 1505 4966 simul
1530 4931 1611 4983 poena
1637 4917 1898 4969 contravenientibus

1080 4998 1295 5067 impetendam
1314 5013 1376 5049 sero
1393 5007 1420 5048 et
1436 4995 1568 5048 libertatis
1594 4997 1725 5049 restrictio
1750 5006 1778 5049 ιι
1801 5013 1898 5065 poena·

1079 5101 1138 5135 rum
1159 5083 1265 5136 materis
1283 5083 1374 5136 odiosa
1392 5091 1453 5149 est,
1471 5091 1498 5135 ιι
1516 5085 1578 5137 binc
1597 5082 1785 5153 trumentum,
1804 5097 1898 5156 utpote

1080 5167 1129 5220 sab
1146 5171 1218 5236 cnjus
1236 5184 1297 5222 socc
1315 5185 1366 5222 non
1384 5169 1536 5222 continetur
1553 5167 1651 5232 farina,
1670 5169 1701 5222 sd
1719 5168 1829 5224 farinam
1849 5187 1895 5225 es·

1080 5251 1154 5303 tendi
1175 5267 1335 5320 nequaqnam
1354 5253 1463 5320 poterit.
1481 5255 1580 5307 Verum
1601 5253 1649 5306 ltno
1661 5271 1711 5306 non
1724 5255 1848 5308 obstante
1860 5253 1896 5308 si·
1913 5273 1948 5326 gg

1078 5331 1210 5388 firmatim
1227 5333 1392 5404 quaestionis
1408 5334 1486 5388 nobis
1504 5335 1604 5390 arridet
1629 5354 1690 5390 corn
1709 5336 1796 5388 Sordo
1814 5336 1895 5392 decis.

1081 5419 1142 5468 139.
1161 5416 1319 5486 lilsrqusrdo
1336 5417 1446 5490 dejure
1465 5429 1633 5474 mercaturos
1650 5419 1696 5472 lii·
1715 5421 1740 5473 2.
1753 5437 1813 5490 cop.
1830 5423 1855 5472 t.
1866 5439 1893 5472 n.
1910 5445 1912 5452 v

1080 5501 1125 5554 dl.
1143 5501 1211 5571 Ripa
1230 5502 1262 5556 de
1279 5513 1355 5568 peste
1371 5519 1430 5571 cop.
1450 5501 1474 5554 d.
1502 5521 1529 5554 n.
1554 5502 1598 5554 46.
1624 5513 1651 5556 ιι
1674 5518 1746 5574 sepo.
1767 5519 1798 5555 nc
1820 5505 1892 5557 lieet.

1082 5579 1177 5654 Capye.
1197 5583 1307 5636 Latrone
1325 5601 1397 5637 cons.
1418 5585 1479 5636 tte.
1500 5603 1528 5637 n.
1547 5584 1590 5638 24.
1608 5599 1682 5656 seqq.
1706 5587 1824 5656 quamsis
1843 5603 1897 5637 nnn

1081 5663 1254 5718 inmunibus
1279 5676 1399 5736 putemus
1424 5667 1503 5723 dictis
1529 5668 1677 5722 auctoribus
1701 5669 1894 5724 adhaerendum
